timestamp,datetime,instrument_name,underlying_price,forward_price,mark_iv,bid_iv,ask_iv,bid_price,ask_price,mid_price,mark_price,last_price,open_interest,volume,creation_timestamp
1748921684705,2025-06-03 11:34:44,BTC-26DEC25-400000-P,109694.03,105453.35,64.46,,,,,,2.64664851,3.73,0.0,0.0,1748921682437
1748921684705,2025-06-03 11:34:44,BTC-25JUL25-30000-C,106529.57,105453.35,119.29,,,0.7175,0.7195,0.7185,0.71862211,0.713,11.4,0.0,1748921682437
1748921684705,2025-06-03 11:34:44,BTC-26DEC25-50000-P,109694.03,105453.35,61.35,,,0.005,0.006,0.0055,0.00551827,0.0055,916.9,14.0,1748921682437
1748921684705,2025-06-03 11:34:44,BTC-13JUN25-111000-P,105661.94,105453.35,38.64,,,0.057,0.0605,0.05875,0.05880905,0.0715,37.6,10.0,1748921682437
1748921684705,2025-06-03 11:34:44,BTC-3JUN25-103500-C,105460.33173983413,105453.35,42.98,,,0.017,0.0205,0.01875,0.01868247,0.028,10.5,11.0,1748921682437
1748921684705,2025-06-03 11:34:44,BTC-5JUN25-92000-C,105495.30391327804,105453.35,68.23,,,0.122,0.136,0.129,0.1279969,,0.0,0.0,1748921682437
1748921684705,2025-06-03 11:34:44,BTC-6JUN25-118000-C,105522.57,105453.35,49.78,,,0.0001,0.0002,0.00015,0.00013407,0.0002,370.8,44.4,1748921682437
1748921684705,2025-06-03 11:34:44,BTC-5JUN25-114000-C,105495.30391327804,105453.35,45.63,,,0.0001,0.0003,0.0002,0.00018096,,0.0,0.0,1748921682437
1748921684705,2025-06-03 11:34:44,BTC-6JUN25-120000-P,105512.79,105453.35,56.31,,,0.1075,0.153,0.13025,0.13707961,0.109,0.1,0.0,1748921682437
1748921684705,2025-06-03 11:34:44,BTC-29AUG25-160000-P,107283.23999999999,105453.35,49.73,,,0.443,0.562,0.5025,0.49755092,,0.0,0.0,1748921682437
1748921684705,2025-06-03 11:34:44,BTC-5JUN25-120000-C,105495.30391327804,105453.35,55.8,,,,0.0002,,1.856e-05,,0.0,0.0,1748921682437
1748921684705,2025-06-03 11:34:44,BTC-25JUL25-124000-P,106529.57,105453.35,45.11,,,0.1385,0.2325,0.1855,0.18255689,,0.0,0.0,1748921682437
1748921684705,2025-06-03 11:34:44,BTC-26SEP25-100000-P,107890.14,105453.35,45.84,,,0.066,0.067,0.0665,0.06631939,0.0665,1193.4,87.9,1748921682437
1748921684705,2025-06-03 11:34:44,BTC-26DEC25-130000-C,109703.81,105453.35,48.34,,,0.081,0.0825,0.08175,0.08166405,0.0805,838.5,107.7,1748921682437
1748921684705,2025-06-03 11:34:44,BTC-25JUL25-94000-P,106519.79,105453.35,45.1,,,0.021,0.022,0.0215,0.02156261,0.02,485.8,129.9,1748921682437
1748921684705,2025-06-03 11:34:44,BTC-26DEC25-150000-P,109694.03,105453.35,49.13,,,0.353,0.494,0.4235,0.41437257,0.4245,4.4,0.0,1748921682437
1748921684705,2025-06-03 11:34:44,BTC-20JUN25-135000-C,105790.89,105453.35,49.38,,,0.0004,0.0006,0.0005,0.0004753,0.0004,28.5,0.2,1748921682437
1748921684705,2025-06-03 11:34:44,BTC-29AUG25-85000-C,107283.23999999999,105453.35,47.78,,,0.2225,0.228,0.22525,0.22504758,0.218,20.1,0.0,1748921682437
1748921684705,2025-06-03 11:34:44,BTC-4JUN25-111000-C,105477.81782655609,105453.35,42.52,,,0.0001,0.0002,0.00015,0.00015745,0.0002,27.1,14.5,1748921682437
1748921684705,2025-06-03 11:34:44,BTC-27MAR26-90000-C,111426.35,105453.35,49.44,,,0.2705,0.276,0.27325,0.2733581,0.268,93.0,0.6,1748921682437
1748921684705,2025-06-03 11:34:44,BTC-26SEP25-90000-P,107890.14,105453.35,46.7,,,0.034,0.035,0.0345,0.03455532,0.0325,581.7,17.7,1748921682437
1748921684705,2025-06-03 11:34:44,BTC-27MAR26-85000-P,111426.35,105453.35,49.67,,,0.064,0.066,0.065,0.06466192,0.069,95.5,15.0,1748921682437
1748921684705,2025-06-03 11:34:44,BTC-27MAR26-50000-P,111426.35,105453.35,58.63,,,0.009,0.0105,0.00975,0.00978055,0.0095,238.7,0.8,1748921682437
1748921684705,2025-06-03 11:34:44,BTC-5JUN25-105000-C,105505.2966229636,105453.35,35.44,,,0.013,0.014,0.0135,0.01341853,0.0195,9.3,9.5,1748921682437
1748921684705,2025-06-03 11:34:44,BTC-27MAR26-20000-C,111426.35,105453.35,81.07,,,0.8205,0.8225,0.8215,0.8214847,0.8205,5.3,0.0,1748921682437
1748921684705,2025-06-03 11:34:44,BTC-4JUN25-107000-P,105477.81782655609,105453.35,35.22,,,0.0155,0.0185,0.017,0.01724801,0.011,1.8,1.8,1748921682437
1748921684705,2025-06-03 11:34:44,BTC-27JUN25-160000-P,105925.75,105453.35,63.59,,,0.5065,0.5125,0.5095,0.51067038,0.4931,139.0,0.0,1748921682437
1748921684705,2025-06-03 11:34:44,BTC-27JUN25-200000-C,105925.75,105453.35,85.76,,,0.0001,0.0003,0.0002,0.00017596,0.0003,4027.1,0.0,1748921682437
1748921684705,2025-06-03 11:34:44,BTC-6JUN25-100000-P,105522.57,105453.35,41.92,,,0.0014,0.0015,0.00145,0.00146427,0.0014,1614.2,113.6,1748921682437
1748921684705,2025-06-03 11:34:44,BTC-4JUN25-112000-C,105477.81782655609,105453.35,42.54,,,,0.0001,,5.379e-05,0.0001,10.1,10.2,1748921682437
1748921684705,2025-06-03 11:34:44,BTC-26SEP25-240000-C,107890.14,105453.35,58.91,,,0.0012,0.0014,0.0013,0.00126646,0.0013,740.0,3.5,1748921682437
1748921684705,2025-06-03 11:34:44,BTC-25JUL25-160000-P,106529.57,105453.35,51.26,,,0.4515,0.5625,0.507,0.50314192,,0.0,0.0,1748921682437
1748921684705,2025-06-03 11:34:44,BTC-27MAR26-90000-P,111426.35,105453.35,49.44,,,0.08,0.082,0.081,0.08086881,0.0815,106.6,50.9,1748921682437
1748921684705,2025-06-03 11:34:44,BTC-13JUN25-90000-P,105661.94,105453.35,51.4,,,0.0008,0.001,0.0009,0.00094262,0.001,221.4,24.8,1748921682437
1748921684705,2025-06-03 11:34:44,BTC-13JUN25-103000-P,105652.16,105453.35,38.68,,,0.0145,0.015,0.01475,0.01474972,0.012,80.6,18.5,1748921682437
1748921684705,2025-06-03 11:34:44,BTC-3JUN25-94000-P,105460.33173983413,105453.35,79.3,,,,0.0001,,0.0,0.0001,4.7,0.0,1748921682437
1748921684705,2025-06-03 11:34:44,BTC-25JUL25-86000-P,106519.79,105453.35,48.09,,,0.009,0.01,0.0095,0.00957536,0.0095,393.8,20.9,1748921682437
1748921684705,2025-06-03 11:34:44,BTC-3JUN25-108000-P,105460.33173983413,105453.35,32.89,,,0.013,0.027,0.02,0.02408301,0.0345,0.1,0.4,1748921682437
1748921684705,2025-06-03 11:34:44,BTC-5JUN25-96000-P,105495.30391327804,105453.35,56.37,,,0.0001,0.0003,0.0002,0.00022564,0.0005,1.1,1.1,1748921682437
1748921684705,2025-06-03 11:34:44,BTC-25JUL25-60000-C,106519.79,105453.35,71.06,,,0.437,0.4395,0.43825,0.43806659,0.4505,12.3,0.0,1748921682437
1748921684705,2025-06-03 11:34:44,BTC-3JUN25-114000-P,105460.33173983413,105453.35,51.71,,,0.0585,0.1,0.07925,0.08097517,,0.0,0.0,1748921682437
1748921684705,2025-06-03 11:34:44,BTC-20JUN25-101000-C,105790.89,105453.35,40.39,,,0.061,0.063,0.062,0.06146492,0.058,1.0,1.0,1748921682437
1748921684705,2025-06-03 11:34:44,BTC-26SEP25-55000-P,107893.9,105453.35,63.33,,,0.0025,0.003,0.00275,0.00281623,0.003,455.1,0.0,1748921682437
1748921684705,2025-06-03 11:34:44,BTC-5JUN25-98000-C,105495.30391327804,105453.35,49.04,,,0.066,0.08,0.073,0.0714098,,0.0,0.0,1748921682437
1748921684705,2025-06-03 11:34:44,BTC-4JUN25-104000-C,105477.81782655609,105453.35,36.04,,,0.016,0.018,0.017,0.016986,0.019,9.3,7.0,1748921682437
1748921684705,2025-06-03 11:34:44,BTC-25JUL25-120000-C,106519.79,105453.35,44.68,,,0.025,0.026,0.0255,0.02536477,0.0265,3188.9,48.7,1748921682437
1748921684705,2025-06-03 11:34:44,BTC-27MAR26-65000-C,111426.35,105453.35,53.22,,,0.4375,0.4445,0.441,0.44039135,0.454,1.9,0.0,1748921682437
1748921684705,2025-06-03 11:34:44,BTC-20JUN25-96000-P,105818.48000000001,105453.35,42.49,,,0.006,0.0065,0.00625,0.00659788,0.006,37.9,7.2,1748921682437
1748921684705,2025-06-03 11:34:44,BTC-3JUN25-99000-P,105460.33173983413,105453.35,52.33,,,,0.0001,,0.0,0.0001,46.3,23.0,1748921682437
1748921684705,2025-06-03 11:34:44,BTC-20JUN25-125000-C,105801.075,105453.35,43.41,,,0.0015,0.0018,0.00165,0.00156904,0.0017,54.8,1.3,1748921682437
1748921684705,2025-06-03 11:34:44,BTC-27JUN25-220000-C,105925.75,105453.35,96.98,,,0.0001,0.0003,0.0002,0.00017616,0.0001,2128.2,61.1,1748921682437
1748921684705,2025-06-03 11:34:44,BTC-27JUN25-200000-P,105925.75,105453.35,85.76,,,0.8835,0.891,0.88725,0.88803986,1.1,0.3,0.0,1748921682437
1748921684705,2025-06-03 11:34:44,BTC-26SEP25-85000-C,107890.14,105453.35,47.63,,,0.234,0.2395,0.23675,0.2363506,0.238,471.7,0.5,1748921682437
1748921684705,2025-06-03 11:34:44,BTC-26DEC25-115000-C,109694.03,105453.35,47.89,,,0.1225,0.124,0.12325,0.12344828,0.124,285.1,1.0,1748921682437
1748921684705,2025-06-03 11:34:44,BTC-29AUG25-118000-P,107283.23999999999,105453.35,45.57,,,0.148,0.154,0.151,0.15138255,,0.0,0.0,1748921682437
1748921684705,2025-06-03 11:34:44,BTC-3JUN25-109000-P,105460.33173983413,105453.35,41.74,,,0.025,0.0395,0.03225,0.03356449,,0.0,0.0,1748921682437
1748921684705,2025-06-03 11:34:44,BTC-13JUN25-116000-C,105652.16,105453.35,40.19,,,0.0025,0.0028,0.00265,0.00264721,0.0035,95.4,15.9,1748921682437
1748921684705,2025-06-03 11:34:44,BTC-13JUN25-108000-C,105652.16,105453.35,38.48,,,0.016,0.0165,0.01625,0.01640748,0.0175,222.1,69.5,1748921682437
1748921684705,2025-06-03 11:34:44,BTC-27JUN25-115000-P,105925.75,105453.35,42.06,,,0.098,0.1015,0.09975,0.10010417,0.0923,317.2,12.0,1748921682437
1748921684705,2025-06-03 11:34:44,BTC-5JUN25-122000-C,105495.30391327804,105453.35,59.44,,,,0.0001,,1.056e-05,,0.0,0.0,1748921682437
1748921684705,2025-06-03 11:34:44,BTC-25JUL25-95000-C,106519.79,105453.35,44.87,,,0.128,0.138,0.133,0.13219094,0.125,1.5,0.3,1748921682437
1748921684705,2025-06-03 11:34:44,BTC-26DEC25-20000-C,109694.03,105453.35,88.1,,,0.817,0.819,0.818,0.81815395,0.8265,20.6,0.0,1748921682437
1748921684705,2025-06-03 11:34:44,BTC-4JUN25-101000-C,105477.81782655609,105453.35,43.15,,,0.0415,0.053,0.04725,0.04282723,0.051,0.1,0.1,1748921682437
1748921684705,2025-06-03 11:34:44,BTC-29AUG25-180000-C,107283.23999999999,105453.35,52.6,,,0.0026,0.0029,0.00275,0.00271128,0.0021,44.4,0.1,1748921682437
1748921684705,2025-06-03 11:34:44,BTC-27MAR26-70000-P,111426.35,105453.35,51.77,,,0.029,0.032,0.0305,0.03057024,0.029,236.9,1.9,1748921682437
1748921684705,2025-06-03 11:34:44,BTC-26SEP25-260000-C,107893.9,105453.35,61.24,,,0.0008,0.001,0.0009,0.00088646,0.0009,594.3,12.1,1748921682437
1748921684705,2025-06-03 11:34:44,BTC-26DEC25-160000-P,109694.03,105453.35,49.71,,,0.4315,0.576,0.50375,0.49473478,0.4881,101.0,0.0,1748921682437
1748921684705,2025-06-03 11:34:44,BTC-20JUN25-107000-P,105824.235,105453.35,40.09,,,0.04,0.041,0.0405,0.04089901,0.0355,11.2,0.5,1748921682437
1748921684705,2025-06-03 11:34:44,BTC-13JUN25-114000-C,105652.16,105453.35,39.41,,,0.004,0.0044,0.0042,0.00423327,0.0048,304.5,30.4,1748921682437
1748921684705,2025-06-03 11:34:44,BTC-29AUG25-145000-C,107310.86111111111,105453.35,47.57,,,0.012,0.013,0.0125,0.01236164,0.012,25.9,0.7,1748921682437
1748921684705,2025-06-03 11:34:44,BTC-27JUN25-45000-P,105925.75,105453.35,117.58,,,,0.0002,,0.00013482,0.0001,1135.9,0.0,1748921682437
1748921684705,2025-06-03 11:34:44,BTC-29AUG25-140000-C,107316.46555555557,105453.35,47.15,,,0.0155,0.0165,0.016,0.01611326,0.016,115.8,28.1,1748921682437
1748921684705,2025-06-03 11:34:44,BTC-27MAR26-80000-P,111436.13,105453.35,50.22,,,0.0505,0.052,0.05125,0.0512146,0.048,536.7,1.0,1748921682437
1748921684705,2025-06-03 11:34:44,BTC-26SEP25-170000-P,107893.9,105453.35,50.5,,,0.5255,0.654,0.58975,0.58364303,0.968,2.2,0.0,1748921682437
1748921684705,2025-06-03 11:34:44,BTC-3JUN25-102000-P,105460.33173983413,105453.35,45.57,,,,0.0001,,1.49e-06,0.0001,47.7,26.4,1748921682437
1748921684705,2025-06-03 11:34:44,BTC-26DEC25-300000-P,109694.03,105453.35,59.0,,,,,,1.73708156,2.56,0.1,0.0,1748921682437
1748921684705,2025-06-03 11:34:44,BTC-20JUN25-100000-C,105790.89,105453.35,40.67,,,0.0675,0.074,0.07075,0.06832899,0.0772,1.0,0.0,1748921682437
1748921684705,2025-06-03 11:34:44,BTC-13JUN25-100000-C,105661.94,105453.35,39.63,,,0.0595,0.062,0.06075,0.0610627,0.057,10.3,0.1,1748921682437
1748921684705,2025-06-03 11:34:44,BTC-26DEC25-260000-P,109694.03,105453.35,56.86,,,,,,1.37485247,,0.0,0.0,1748921682437
1748921684705,2025-06-03 11:34:44,BTC-26DEC25-40000-P,109703.81,105453.35,68.47,,,0.0025,0.0032,0.00285,0.00285276,0.0028,283.3,15.0,1748921682437
1748921684705,2025-06-03 11:34:44,BTC-13JUN25-140000-P,105661.94,105453.35,64.46,,,0.316,0.327,0.3215,0.3248644,,0.0,0.0,1748921682437
1748921684705,2025-06-03 11:34:44,BTC-25JUL25-96000-P,106519.79,105453.35,44.67,,,0.026,0.0265,0.02625,0.02629026,0.025,215.9,17.2,1748921682437
1748921684705,2025-06-03 11:34:44,BTC-13JUN25-107000-C,105652.16,105453.35,38.45,,,0.0195,0.0205,0.02,0.02000584,0.023,458.2,204.3,1748921682437
1748921684705,2025-06-03 11:34:44,BTC-20JUN25-85000-P,105801.075,105453.35,53.13,,,0.0011,0.0013,0.0012,0.00114602,0.0011,62.7,0.9,1748921682437
1748921684705,2025-06-03 11:34:44,BTC-3JUN25-106000-P,105460.33173983413,105453.35,30.27,,,0.0048,0.0065,0.00565,0.00600981,0.002,23.3,25.8,1748921682437
1748921684705,2025-06-03 11:34:44,BTC-13JUN25-145000-P,105661.94,105453.35,69.19,,,0.363,0.377,0.37,0.37212719,,0.0,0.0,1748921682437
1748921684705,2025-06-03 11:34:44,BTC-27JUN25-82000-P,105925.75,105453.35,53.5,,,0.0014,0.0016,0.0015,0.00148185,0.0015,115.7,0.1,1748921682437
1748921684705,2025-06-03 11:34:44,BTC-25JUL25-126000-P,106529.57,105453.35,45.34,,,0.154,0.253,0.2035,0.19866793,,0.0,0.0,1748921682437
1748921684705,2025-06-03 11:34:44,BTC-20JUN25-95000-P,105801.075,105453.35,43.01,,,0.005,0.0055,0.00525,0.00545569,0.005,744.3,21.3,1748921682437
1748921684705,2025-06-03 11:34:44,BTC-20JUN25-108000-C,105801.075,105453.35,40.15,,,0.0255,0.026,0.02575,0.02565002,0.027,201.5,15.2,1748921682437
1748921684705,2025-06-03 11:34:44,BTC-26SEP25-75000-P,107890.14,105453.35,50.88,,,0.011,0.012,0.0115,0.01141604,0.012,642.3,0.2,1748921682438
1748921684705,2025-06-03 11:34:44,BTC-3JUN25-102500-P,105460.33173983413,105453.35,43.82,,,,0.0001,,5.38e-06,0.0004,16.8,20.0,1748921682438
1748921684705,2025-06-03 11:34:44,BTC-26DEC25-140000-C,109694.03,105453.35,48.74,,,0.0615,0.063,0.06225,0.06209057,0.0613,1363.4,120.0,1748921682438
1748921684705,2025-06-03 11:34:44,BTC-20JUN25-118000-C,105801.075,105453.35,41.38,,,0.005,0.0055,0.00525,0.00513958,0.0055,65.2,16.9,1748921682438
1748921684705,2025-06-03 11:34:44,BTC-20JUN25-116000-C,105824.235,105453.35,40.94,,,0.007,0.0075,0.00725,0.00721153,0.0085,35.3,26.3,1748921682438
1748921684705,2025-06-03 11:34:44,BTC-13JUN25-124000-P,105661.94,105453.35,46.05,,,0.14,0.193,0.1665,0.17386912,,0.0,0.0,1748921682438
1748921684705,2025-06-03 11:34:44,BTC-5JUN25-124000-C,105495.30391327804,105453.35,62.41,,,,0.0001,,5.55e-06,,0.0,0.0,1748921682438
1748921684705,2025-06-03 11:34:44,BTC-13JUN25-112000-C,105652.16,105453.35,38.88,,,0.0065,0.007,0.00675,0.00678045,0.007,211.2,4.1,1748921682438
1748921684705,2025-06-03 11:34:44,BTC-6JUN25-94000-C,105512.79,105453.35,58.14,,,0.1085,0.111,0.10975,0.10969534,0.108,1.6,0.0,1748921682438
1748921684705,2025-06-03 11:34:44,BTC-5JUN25-116000-C,105495.30391327804,105453.35,50.69,,,,0.0002,,0.00010499,0.0001,16.2,17.1,1748921682438
1748921684705,2025-06-03 11:34:44,BTC-29AUG25-126000-P,107283.23999999999,105453.35,45.95,,,0.194,0.2655,0.22975,0.20817878,,0.0,0.0,1748921682438
1748921684705,2025-06-03 11:34:44,BTC-20JUN25-112000-P,105790.89,105453.35,40.35,,,0.067,0.0725,0.06975,0.07264992,,0.0,0.0,1748921682438
1748921684705,2025-06-03 11:34:44,BTC-26SEP25-140000-C,107890.14,105453.35,47.47,,,0.026,0.027,0.0265,0.02630513,0.027,2545.9,299.2,1748921682438
1748921684705,2025-06-03 11:34:44,BTC-27MAR26-340000-P,111426.35,105453.35,58.9,,,,,,2.05645756,,0.0,0.0,1748921682438
1748921684705,2025-06-03 11:34:44,BTC-5JUN25-111000-P,105495.30391327804,105453.35,37.76,,,0.0425,0.057,0.04975,0.05267422,,0.0,0.0,1748921682438
1748921684705,2025-06-03 11:34:44,BTC-3JUN25-111000-P,105460.33173983413,105453.35,45.8,,,0.042,0.056,0.049,0.05252846,0.063,0.1,0.1,1748921682438
1748921684705,2025-06-03 11:34:44,BTC-4JUN25-106000-C,105477.81782655609,105453.35,34.97,,,0.005,0.006,0.0055,0.00573299,0.0055,24.8,27.7,1748921682438
1748921684705,2025-06-03 11:34:44,BTC-25JUL25-92000-P,106519.79,105453.35,45.61,,,0.017,0.018,0.0175,0.01757982,0.0165,685.7,331.8,1748921682438
1748921684705,2025-06-03 11:34:44,BTC-27JUN25-60000-C,105925.75,105453.35,85.81,,,0.433,0.4355,0.43425,0.43390387,0.4515,584.0,0.0,1748921682438
1748921684705,2025-06-03 11:34:44,BTC-5JUN25-108000-C,105495.30391327804,105453.35,35.3,,,0.0029,0.0032,0.00305,0.00298772,0.0055,19.5,20.7,1748921682438
1748921684705,2025-06-03 11:34:44,BTC-27MAR26-110000-P,111426.35,105453.35,48.94,,,0.1655,0.1685,0.167,0.16715018,0.1695,34.7,0.0,1748921682438
1748921684705,2025-06-03 11:34:44,BTC-25JUL25-110000-P,106519.79,105453.35,44.05,,,0.0845,0.0855,0.085,0.08484336,0.0933,314.9,12.2,1748921682438
1748921684705,2025-06-03 11:34:44,BTC-4JUN25-120000-C,105477.81782655609,105453.35,59.89,,,,0.0001,,6.7e-07,,0.0,0.0,1748921682438
1748921684705,2025-06-03 11:34:44,BTC-13JUN25-85000-C,105661.94,105453.35,60.31,,,0.1945,0.2015,0.198,0.19621479,,0.0,0.0,1748921682438
1748921684705,2025-06-03 11:34:44,BTC-4JUN25-108000-C,105487.71324592718,105453.35,36.49,,,0.0012,0.0015,0.00135,0.00134029,0.0015,45.5,31.7,1748921682438
1748921684705,2025-06-03 11:34:44,BTC-29AUG25-40000-C,107283.23999999999,105453.35,84.44,,,0.627,0.6295,0.62825,0.62784792,,0.0,0.0,1748921682438
1748921684705,2025-06-03 11:34:44,BTC-5JUN25-118000-C,105495.30391327804,105453.35,52.12,,,,0.0002,,3.486e-05,,0.0,0.0,1748921682438
1748921684705,2025-06-03 11:34:44,BTC-13JUN25-119000-C,105652.16,105453.35,41.73,,,0.0012,0.0015,0.00135,0.00134252,0.001,256.1,1.8,1748921682438
1748921684705,2025-06-03 11:34:44,BTC-13JUN25-118000-C,105652.16,105453.35,41.12,,,0.0016,0.0019,0.00175,0.00166415,0.0018,44.0,3.2,1748921682438
1748921684705,2025-06-03 11:34:44,BTC-6JUN25-122000-C,105512.79,105453.35,58.87,,,,0.0002,,7.74e-05,0.0001,189.2,97.3,1748921682438
1748921684705,2025-06-03 11:34:44,BTC-25JUL25-75000-C,106529.57,105453.35,55.39,,,0.297,0.3015,0.29925,0.29951048,0.2891,20.0,0.0,1748921682438
1748921684705,2025-06-03 11:34:44,BTC-29AUG25-85000-P,107310.86111111111,105453.35,47.78,,,0.017,0.018,0.0175,0.01734281,0.0165,44.1,26.8,1748921682438
1748921684705,2025-06-03 11:34:44,BTC-25JUL25-94000-C,106529.57,105453.35,45.1,,,0.137,0.1415,0.13925,0.13932276,0.132,227.1,0.5,1748921682438
1748921684705,2025-06-03 11:34:44,BTC-20JUN25-102000-C,105818.48000000001,105453.35,40.22,,,0.0545,0.0565,0.0555,0.05504208,0.0615,0.3,0.0,1748921682438
1748921684705,2025-06-03 11:34:44,BTC-13JUN25-113000-P,105661.94,105453.35,39.07,,,0.0695,0.0765,0.073,0.07456633,0.05,0.8,0.0,1748921682438
1748921684705,2025-06-03 11:34:44,BTC-27MAR26-70000-C,111426.35,105453.35,51.77,,,0.3995,0.4075,0.4035,0.40250635,0.4,3.7,0.0,1748921682438
1748921684705,2025-06-03 11:34:44,BTC-27JUN25-125000-C,105925.75,105453.35,44.31,,,0.004,0.0041,0.00405,0.0040553,0.0042,4646.4,65.5,1748921682438
1748921684705,2025-06-03 11:34:44,BTC-13JUN25-114000-P,105661.94,105453.35,39.41,,,0.0715,0.0845,0.078,0.08291646,0.0745,2.2,0.0,1748921682438
1748921684705,2025-06-03 11:34:44,BTC-13JUN25-110000-C,105652.16,105453.35,38.59,,,0.01,0.011,0.0105,0.01070169,0.0105,618.2,126.8,1748921682438
1748921684705,2025-06-03 11:34:44,BTC-5JUN25-98000-P,105495.30391327804,105453.35,49.04,,,0.0003,0.0005,0.0004,0.0003611,0.001,0.2,0.2,1748921682438
1748921684705,2025-06-03 11:34:44,BTC-27JUN25-140000-P,105925.75,105453.35,50.85,,,0.32,0.324,0.322,0.32239871,0.2714,243.9,0.0,1748921682438
1748921684705,2025-06-03 11:34:44,BTC-13JUN25-122000-P,105661.94,105453.35,43.83,,,0.125,0.157,0.141,0.15511387,,0.0,0.0,1748921682438
1748921684705,2025-06-03 11:34:44,BTC-26DEC25-80000-P,109694.03,105453.35,49.63,,,0.034,0.0355,0.03475,0.03488726,0.036,1494.7,0.5,1748921682438
1748921684705,2025-06-03 11:34:44,BTC-26DEC25-280000-C,109694.03,105453.35,57.73,,,0.0034,0.0042,0.0038,0.00372956,0.0042,112.7,0.3,1748921682438
1748921684705,2025-06-03 11:34:44,BTC-26DEC25-180000-C,109694.03,105453.35,50.95,,,0.022,0.023,0.0225,0.02237016,0.023,1826.8,22.4,1748921682438
1748921684705,2025-06-03 11:34:44,BTC-25JUL25-122000-P,106529.57,105453.35,44.89,,,0.1625,0.1705,0.1665,0.16685031,0.128,6.8,0.0,1748921682438
1748921684705,2025-06-03 11:34:44,BTC-3JUN25-107000-C,105460.33173983413,105453.35,32.49,,,,0.0001,,6.458e-05,0.0001,269.8,267.0,1748921682438
1748921684705,2025-06-03 11:34:44,BTC-27JUN25-260000-C,105925.75,105453.35,114.01,,,0.0001,0.0002,0.00015,0.00014101,0.0002,661.9,0.0,1748921682438
1748921684705,2025-06-03 11:34:44,BTC-27MAR26-135000-C,111426.35,105453.35,49.53,,,0.106,0.1085,0.10725,0.10720818,0.1075,41.4,0.0,1748921682438
1748921684705,2025-06-03 11:34:44,BTC-27MAR26-115000-P,111426.35,105453.35,48.99,,,0.192,0.1955,0.19375,0.19406749,0.1798,29.5,0.0,1748921682438
1748921684705,2025-06-03 11:34:44,BTC-26DEC25-400000-C,109694.03,105453.35,64.46,,,0.0009,0.0013,0.0011,0.00105456,0.0013,418.0,0.0,1748921682438
1748921684705,2025-06-03 11:34:44,BTC-27JUN25-115000-C,105925.75,105453.35,42.06,,,0.0145,0.015,0.01475,0.01458242,0.016,4219.9,24.1,1748921682438
1748921684705,2025-06-03 11:34:44,BTC-26SEP25-125000-P,107893.9,105453.35,46.53,,,0.2045,0.2115,0.208,0.20861978,0.2205,3.5,0.0,1748921682438
1748921684705,2025-06-03 11:34:44,BTC-13JUN25-105000-C,105661.94,105453.35,38.45,,,0.0285,0.0295,0.029,0.02891009,0.033,168.8,46.3,1748921682438
1748921684705,2025-06-03 11:34:44,BTC-6JUN25-130000-P,105512.79,105453.35,71.46,,,0.223,0.2625,0.24275,0.23170834,,0.0,0.0,1748921682438
1748921684705,2025-06-03 11:34:44,BTC-27MAR26-190000-P,111426.35,105453.35,51.46,,,0.6675,0.838,0.75275,0.74181731,,0.0,0.0,1748921682438
1748921684705,2025-06-03 11:34:44,BTC-25JUL25-112000-P,106519.79,105453.35,44.1,,,0.0965,0.0975,0.097,0.0968711,0.1053,393.9,5.1,1748921682438
1748921684705,2025-06-03 11:34:44,BTC-25JUL25-108000-C,106519.79,105453.35,43.97,,,0.0595,0.0605,0.06,0.06003487,0.0605,367.5,96.2,1748921682438
1748921684705,2025-06-03 11:34:44,BTC-5JUN25-108000-P,105495.30391327804,105453.35,35.3,,,0.025,0.028,0.0265,0.02672998,,0.0,0.0,1748921682438
1748921684705,2025-06-03 11:34:44,BTC-26SEP25-60000-C,107893.9,105453.35,59.35,,,0.4465,0.4505,0.4485,0.44782856,0.4685,26.3,0.0,1748921682438
1748921684705,2025-06-03 11:34:44,BTC-25JUL25-110000-C,106519.79,105453.35,44.05,,,0.052,0.053,0.0525,0.05240528,0.0525,1104.7,44.4,1748921682440
1748921684705,2025-06-03 11:34:44,BTC-13JUN25-155000-P,105661.94,105453.35,73.55,,,0.418,0.505,0.4615,0.46665815,,0.0,0.0,1748921682440
1748921684705,2025-06-03 11:34:44,BTC-29AUG25-90000-P,107310.86111111111,105453.35,46.55,,,0.026,0.0265,0.02625,0.02620005,0.024,103.8,4.1,1748921682440
1748921684705,2025-06-03 11:34:44,BTC-26SEP25-100000-C,107890.14,105453.35,45.84,,,0.139,0.1405,0.13975,0.13956779,0.145,2432.4,1.2,1748921682440
1748921684705,2025-06-03 11:34:44,BTC-27JUN25-240000-P,105925.75,105453.35,106.97,,,1.259,1.27,1.2645,1.26561132,1.6845,35.3,0.0,1748921682440
1748921684705,2025-06-03 11:34:44,BTC-27MAR26-300000-C,111436.13,105453.35,56.99,,,0.0075,0.0095,0.0085,0.00850779,0.0105,108.4,0.0,1748921682440
1748921684705,2025-06-03 11:34:44,BTC-26DEC25-220000-C,109703.81,105453.35,53.79,,,0.0095,0.0105,0.01,0.00980082,0.0105,150.5,39.9,1748921682440
1748921684705,2025-06-03 11:34:44,BTC-27MAR26-220000-C,111426.35,105453.35,52.69,,,0.0215,0.0235,0.0225,0.02245603,0.023,47.7,17.5,1748921682440
1748921684705,2025-06-03 11:34:44,BTC-6JUN25-99000-C,105512.79,105453.35,44.6,,,0.0615,0.0645,0.063,0.06310672,0.0719,2.1,0.0,1748921682440
1748921684705,2025-06-03 11:34:44,BTC-29AUG25-98000-P,107316.46555555557,105453.35,45.56,,,0.048,0.049,0.0485,0.04842686,0.052,27.7,17.4,1748921682440
1748921684705,2025-06-03 11:34:44,BTC-27JUN25-105000-P,105925.75,105453.35,40.99,,,0.0375,0.038,0.03775,0.03759675,0.033,1207.0,313.4,1748921682440
1748921684705,2025-06-03 11:34:44,BTC-26DEC25-120000-P,109703.81,105453.35,48.02,,,0.198,0.204,0.201,0.2012988,0.2105,143.7,0.0,1748921682440
1748921684705,2025-06-03 11:34:44,BTC-27MAR26-210000-C,111436.13,105453.35,52.29,,,0.0255,0.0275,0.0265,0.02639369,0.026,38.0,21.9,1748921682440
1748921684705,2025-06-03 11:34:44,BTC-29AUG25-100000-P,107293.32333333333,105453.35,45.48,,,0.0555,0.056,0.05575,0.05577177,0.0545,74.4,0.5,1748921682440
1748921684705,2025-06-03 11:34:44,BTC-26DEC25-160000-C,109703.81,105453.35,49.71,,,0.036,0.037,0.0365,0.0364972,0.0355,744.5,5.7,1748921682440
1748921684705,2025-06-03 11:34:44,BTC-27MAR26-30000-P,111436.13,105453.35,70.31,,,0.0018,0.0026,0.0022,0.00222956,0.0021,18.3,1.4,1748921682440
1748921684705,2025-06-03 11:34:44,BTC-27MAR26-300000-P,111426.35,105453.35,56.99,,,,,,1.70021016,,0.0,0.0,1748921682440
1748921684705,2025-06-03 11:34:44,BTC-26DEC25-260000-C,109703.81,105453.35,56.86,,,0.005,0.0055,0.00525,0.0052164,0.005,176.7,2.4,1748921682440
1748921684705,2025-06-03 11:34:44,BTC-29AUG25-98000-C,107283.23999999999,105453.35,45.56,,,0.134,0.1365,0.13525,0.13495705,0.145,1.0,0.0,1748921682440
1748921684705,2025-06-03 11:34:44,BTC-26DEC25-90000-C,109694.03,105453.35,48.32,,,0.238,0.242,0.24,0.23978414,0.2585,1129.2,0.0,1748921682440
1748921684705,2025-06-03 11:34:44,BTC-27JUN25-92000-P,105925.75,105453.35,44.52,,,0.005,0.006,0.0055,0.00561375,0.0055,1887.2,124.0,1748921682440
1748921684705,2025-06-03 11:34:44,BTC-25JUL25-105000-P,106519.79,105453.35,43.92,,,0.0585,0.059,0.05875,0.05876507,0.055,352.2,110.2,1748921682440
1748921684705,2025-06-03 11:34:44,BTC-20JUN25-114000-P,105790.89,105453.35,40.57,,,0.078,0.0905,0.08425,0.08765775,,0.0,0.0,1748921682440
1748921684705,2025-06-03 11:34:44,BTC-20JUN25-109000-P,105790.89,105453.35,40.22,,,0.051,0.053,0.052,0.05254969,0.047,11.4,1.0,1748921682440
1748921684705,2025-06-03 11:34:44,BTC-5JUN25-124000-P,105495.30391327804,105453.35,62.41,,,0.167,0.177,0.172,0.17541332,,0.0,0.0,1748921682440
1748921684705,2025-06-03 11:34:44,BTC-20JUN25-102000-P,105801.075,105453.35,40.22,,,0.0185,0.0195,0.019,0.01920827,0.022,93.7,18.1,1748921682440
1748921684705,2025-06-03 11:34:44,BTC-26DEC25-65000-C,109694.03,105453.35,53.78,,,0.419,0.4265,0.42275,0.42169667,0.4495,0.9,0.0,1748921682440
1748921684705,2025-06-03 11:34:44,BTC-4JUN25-99000-P,105477.81782655609,105453.35,53.47,,,0.0001,0.0003,0.0002,0.00020099,0.0001,15.6,15.5,1748921682440
1748921684705,2025-06-03 11:34:44,BTC-27JUN25-250000-P,105925.75,105453.35,109.61,,,1.3535,1.3615,1.3575,1.35997083,1.5805,1.7,0.0,1748921682440
1748921684705,2025-06-03 11:34:44,BTC-20JUN25-140000-C,105790.89,105453.35,52.08,,,0.0002,0.0004,0.0003,0.00027729,0.0003,65.9,36.0,1748921682440
1748921684705,2025-06-03 11:34:44,BTC-27JUN25-90000-P,105925.75,105453.35,45.81,,,0.004,0.0044,0.0042,0.00413391,0.0038,3503.6,47.0,1748921682440
1748921684705,2025-06-03 11:34:44,BTC-26DEC25-105000-P,109694.03,105453.35,47.76,,,0.118,0.1195,0.11875,0.11888632,0.1155,268.5,102.1,1748921682440
1748921684705,2025-06-03 11:34:44,BTC-25JUL25-135000-P,106529.57,105453.35,46.42,,,0.228,0.33,0.279,0.27506589,,0.0,0.0,1748921682440
1748921684705,2025-06-03 11:34:44,BTC-26SEP25-190000-P,107893.9,105453.35,52.93,,,,,,0.76511402,1.1585,0.7,0.0,1748921682440
1748921684705,2025-06-03 11:34:44,BTC-26SEP25-115000-C,107890.14,105453.35,46.08,,,0.076,0.0775,0.07675,0.07667518,0.075,901.4,0.3,1748921682440
1748921684705,2025-06-03 11:34:44,BTC-25JUL25-50000-P,106529.57,105453.35,83.69,,,0.0005,0.0007,0.0006,0.00059963,0.0005,102.2,20.0,1748921682440
1748921684705,2025-06-03 11:34:44,BTC-26DEC25-85000-P,109703.81,105453.35,48.87,,,0.0455,0.047,0.04625,0.04613524,0.049,1076.4,0.0,1748921682440
1748921684705,2025-06-03 11:34:44,BTC-26SEP25-200000-C,107893.9,105453.35,54.47,,,0.0033,0.0034,0.00335,0.0033494,0.0034,2832.2,108.5,1748921682440
1748921684705,2025-06-03 11:34:44,BTC-5JUN25-96000-C,105495.30391327804,105453.35,56.37,,,0.089,0.115,0.102,0.09023253,,0.0,0.0,1748921682440
1748921684705,2025-06-03 11:34:44,BTC-3JUN25-99000-C,105460.33173983413,105453.35,52.33,,,0.0525,0.0725,0.0625,0.06125841,,0.0,0.0,1748921682440
1748921684705,2025-06-03 11:34:44,BTC-25JUL25-86000-C,106529.57,105453.35,48.09,,,0.1975,0.209,0.20325,0.20244066,0.1945,3.3,0.2,1748921682440
1748921684705,2025-06-03 11:34:44,BTC-27JUN25-280000-C,105925.75,105453.35,122.26,,,0.0001,0.0002,0.00015,0.00014111,0.0002,1556.7,0.0,1748921682440
1748921684705,2025-06-03 11:34:44,BTC-5JUN25-109000-C,105495.30391327804,105453.35,36.0,,,0.0016,0.0019,0.00175,0.00167666,0.0027,10.8,10.8,1748921682440
1748921684705,2025-06-03 11:34:44,BTC-25JUL25-102000-P,106519.79,105453.35,44.05,,,0.0455,0.0465,0.046,0.04589278,0.045,310.3,32.2,1748921682440
1748921684705,2025-06-03 11:34:44,BTC-27MAR26-115000-C,111426.35,105453.35,48.99,,,0.161,0.165,0.163,0.16224825,0.1635,134.0,0.5,1748921682440
1748921684705,2025-06-03 11:34:44,BTC-3JUN25-116000-P,105460.33173983413,105453.35,56.99,,,0.075,0.105,0.09,0.09993965,,0.0,0.0,1748921682440
1748921684705,2025-06-03 11:34:44,BTC-27MAR26-160000-P,111436.13,105453.35,50.33,,,0.436,0.5595,0.49775,0.50044095,,0.0,0.0,1748921682440
1748921684705,2025-06-03 11:34:44,BTC-29AUG25-114000-P,107283.23999999999,105453.35,45.43,,,0.124,0.1275,0.12575,0.12584956,0.12,0.2,0.0,1748921682440
1748921684705,2025-06-03 11:34:44,BTC-29AUG25-160000-C,107310.86111111111,105453.35,49.73,,,0.006,0.0065,0.00625,0.00617165,0.006,31.9,0.1,1748921682440
1748921684705,2025-06-03 11:34:44,BTC-27MAR26-105000-P,111426.35,105453.35,48.98,,,0.141,0.1435,0.14225,0.14239979,0.1485,39.6,0.6,1748921682441
1748921684705,2025-06-03 11:34:44,BTC-25JUL25-115000-C,106519.79,105453.35,44.27,,,0.0365,0.037,0.03675,0.03669893,0.0375,1774.3,52.6,1748921682441
1748921684705,2025-06-03 11:34:44,BTC-13JUN25-116000-P,105661.94,105453.35,40.19,,,0.082,0.1045,0.09325,0.10025207,,0.0,0.0,1748921682441
1748921684705,2025-06-03 11:34:44,BTC-29AUG25-145000-P,107283.23999999999,105453.35,47.57,,,0.3125,0.4265,0.3695,0.36392411,,0.0,0.0,1748921682441
1748921684705,2025-06-03 11:34:44,BTC-13JUN25-135000-C,105661.94,105453.35,57.16,,,0.0001,0.0003,0.0002,0.00017673,0.0003,88.7,12.3,1748921682441
1748921684705,2025-06-03 11:34:44,BTC-25JUL25-170000-C,106519.79,105453.35,53.74,,,0.0009,0.0011,0.001,0.00093506,0.0009,229.8,101.4,1748921682441
1748921684705,2025-06-03 11:34:44,BTC-25JUL25-150000-P,106529.57,105453.35,48.9,,,0.3615,0.467,0.41425,0.4105038,,0.0,0.0,1748921682441
1748921684705,2025-06-03 11:34:44,BTC-26DEC25-75000-C,109694.03,105453.35,50.76,,,0.339,0.3475,0.34325,0.34256081,0.3715,20.6,0.0,1748921682441
1748921684705,2025-06-03 11:34:44,BTC-13JUN25-118000-P,105661.94,105453.35,41.12,,,0.096,0.1235,0.10975,0.11819153,0.097,0.2,0.0,1748921682441
1748921684705,2025-06-03 11:34:44,BTC-25JUL25-40000-P,106529.57,105453.35,98.38,,,0.0002,0.0004,0.0003,0.00029519,0.0004,82.1,0.0,1748921682441
1748921684705,2025-06-03 11:34:44,BTC-4JUN25-99000-C,105477.81782655609,105453.35,53.47,,,0.0525,0.073,0.06275,0.06161502,,0.0,0.0,1748921682441
1748921684705,2025-06-03 11:34:44,BTC-27JUN25-400000-P,105925.75,105453.35,134.68,,,2.7635,2.7855,2.7745,2.77573767,3.476,0.1,0.0,1748921682441
1748921684705,2025-06-03 11:34:44,BTC-20JUN25-145000-C,105790.89,105453.35,55.84,,,0.0001,0.0005,0.0003,0.00020587,0.0004,17.9,0.0,1748921682441
1748921684705,2025-06-03 11:34:44,BTC-29AUG25-124000-P,107283.23999999999,105453.35,45.8,,,0.181,0.2195,0.20025,0.19326311,,0.0,0.0,1748921682441
1748921684705,2025-06-03 11:34:44,BTC-26SEP25-150000-C,107890.14,105453.35,48.32,,,0.017,0.018,0.0175,0.01735416,0.018,3018.7,13.8,1748921682441
1748921684705,2025-06-03 11:34:44,BTC-13JUN25-100000-P,105652.16,105453.35,39.63,,,0.007,0.0075,0.00725,0.00728107,0.007,573.7,34.5,1748921682441
1748921684705,2025-06-03 11:34:44,BTC-20JUN25-109000-C,105801.075,105453.35,40.22,,,0.022,0.0225,0.02225,0.02221523,0.0225,115.3,17.0,1748921682441
1748921684705,2025-06-03 11:34:44,BTC-27MAR26-60000-P,111426.35,105453.35,54.53,,,0.0165,0.0185,0.0175,0.01756895,0.018,82.3,1.4,1748921682441
1748921684705,2025-06-03 11:34:44,BTC-27MAR26-190000-C,111436.13,105453.35,51.46,,,0.036,0.038,0.037,0.03707248,0.0355,547.1,61.5,1748921682441
1748921684705,2025-06-03 11:34:44,BTC-6JUN25-111000-P,105512.79,105453.35,38.09,,,0.052,0.0545,0.05325,0.05296401,0.066,237.1,1.0,1748921682441
1748921684705,2025-06-03 11:34:44,BTC-20JUN25-112000-C,105824.235,105453.35,40.35,,,0.0135,0.0145,0.014,0.01395762,0.012,83.1,7.6,1748921682441
1748921684705,2025-06-03 11:34:44,BTC-27JUN25-95000-P,105925.75,105453.35,42.76,,,0.0085,0.009,0.00875,0.00883682,0.009,3034.1,341.7,1748921682441
1748921684705,2025-06-03 11:34:44,BTC-13JUN25-102000-C,105661.94,105453.35,38.9,,,0.0455,0.0475,0.0465,0.04660496,0.046,1.5,0.0,1748921682441
1748921684705,2025-06-03 11:34:44,BTC-27JUN25-102000-P,105925.75,105453.35,40.96,,,0.025,0.0255,0.02525,0.02530394,0.024,1576.2,158.6,1748921682441
1748921684705,2025-06-03 11:34:44,BTC-25JUL25-118000-P,106529.57,105453.35,44.5,,,0.1335,0.139,0.13625,0.13693425,0.149,23.0,0.0,1748921682441
1748921684705,2025-06-03 11:34:44,BTC-27JUN25-95000-C,105925.75,105453.35,42.76,,,0.111,0.113,0.112,0.11210147,0.105,2012.4,2.3,1748921682441
1748921684705,2025-06-03 11:34:44,BTC-26DEC25-240000-P,109694.03,105453.35,55.21,,,,,,1.19426968,1.2635,0.1,0.0,1748921682441
1748921684705,2025-06-03 11:34:44,BTC-6JUN25-115000-P,105512.79,105453.35,43.69,,,0.0885,0.0915,0.09,0.08984559,0.093,6.9,0.0,1748921682441
1748921684705,2025-06-03 11:34:44,BTC-26DEC25-230000-P,109694.03,105453.35,54.51,,,,,,1.10441225,,0.0,0.0,1748921682441
1748921684705,2025-06-03 11:34:44,BTC-6JUN25-109000-P,105512.79,105453.35,36.72,,,0.035,0.037,0.036,0.0359822,0.048,174.5,1.0,1748921682441
1748921684705,2025-06-03 11:34:44,BTC-3JUN25-104500-C,105460.33173983413,105453.35,30.23,,,0.0085,0.011,0.00975,0.00938367,0.0105,17.5,27.2,1748921682441
1748921684705,2025-06-03 11:34:44,BTC-13JUN25-115000-P,105661.94,105453.35,39.79,,,0.0895,0.093,0.09125,0.09149534,0.112,11.1,0.0,1748921682441
1748921684705,2025-06-03 11:34:44,BTC-27JUN25-88000-C,105925.75,105453.35,47.4,,,0.1715,0.1745,0.173,0.17244393,0.18,17.0,0.0,1748921682441
1748921684705,2025-06-03 11:34:44,BTC-4JUN25-96000-C,105477.81782655609,105453.35,61.35,,,0.0885,0.1125,0.1005,0.08989198,,0.0,0.0,1748921682441
1748921684705,2025-06-03 11:34:44,BTC-13JUN25-117000-C,105652.16,105453.35,40.59,,,0.002,0.0023,0.00215,0.00208611,0.0019,81.4,12.9,1748921682441
1748921684705,2025-06-03 11:34:44,BTC-20JUN25-100000-P,105801.075,105453.35,40.67,,,0.013,0.014,0.0135,0.01358996,0.0125,115.3,26.6,1748921682441
1748921684705,2025-06-03 11:34:44,BTC-27MAR26-95000-C,111426.35,105453.35,49.14,,,0.2445,0.2495,0.247,0.24655506,0.2425,139.2,2.9,1748921682441
1748921684705,2025-06-03 11:34:44,BTC-27JUN25-190000-C,105925.75,105453.35,79.63,,,0.0001,0.0003,0.0002,0.00017581,0.0004,378.3,5.0,1748921682441
1748921684705,2025-06-03 11:34:44,BTC-27JUN25-75000-P,105925.75,105453.35,62.41,,,0.0007,0.0009,0.0008,0.00075902,0.0009,2066.4,1.2,1748921682441
1748921684705,2025-06-03 11:34:44,BTC-5JUN25-110000-C,105495.30391327804,105453.35,36.88,,,0.0008,0.0011,0.00095,0.00092219,0.002,2.3,3.3,1748921682441
1748921684705,2025-06-03 11:34:44,BTC-26SEP25-170000-C,107890.14,105453.35,50.5,,,0.008,0.0085,0.00825,0.00816954,0.008,224.0,21.0,1748921682441
1748921684705,2025-06-03 11:34:44,BTC-13JUN25-145000-C,105661.94,105453.35,69.19,,,,0.0003,,0.00012704,0.0002,43.7,0.0,1748921682441
1748921684705,2025-06-03 11:34:44,BTC-25JUL25-40000-C,106529.57,105453.35,98.38,,,0.624,0.626,0.625,0.62489487,0.632,12.0,0.0,1748921682441
1748921684705,2025-06-03 11:34:44,BTC-26DEC25-125000-P,109694.03,105453.35,48.15,,,0.2295,0.2365,0.233,0.23293239,0.244,2.2,0.0,1748921682441
1748921684705,2025-06-03 11:34:44,BTC-26SEP25-120000-P,107893.9,105453.35,46.29,,,0.172,0.1765,0.17425,0.17423776,0.189,159.1,0.0,1748921682441
1748921684705,2025-06-03 11:34:44,BTC-27JUN25-125000-P,105925.75,105453.35,44.31,,,0.182,0.1855,0.18375,0.18397024,0.178,17.0,0.0,1748921682441
1748921684705,2025-06-03 11:34:44,BTC-29AUG25-112000-C,107316.46555555557,105453.35,45.41,,,0.0695,0.0705,0.07,0.07000791,0.074,0.4,0.0,1748921682441
1748921684705,2025-06-03 11:34:44,BTC-20JUN25-150000-P,105790.89,105453.35,61.03,,,0.3705,0.4555,0.413,0.41809612,,0.0,0.0,1748921682441
1748921684705,2025-06-03 11:34:44,BTC-27JUN25-101000-P,105925.75,105453.35,41.1,,,0.0215,0.0225,0.022,0.02200581,0.021,107.1,19.9,1748921682441
1748921684705,2025-06-03 11:34:44,BTC-13JUN25-110000-P,105661.94,105453.35,38.59,,,0.0495,0.053,0.05125,0.05154446,0.0445,38.4,13.7,1748921682441
1748921684705,2025-06-03 11:34:44,BTC-27JUN25-108000-P,105925.75,105453.35,41.22,,,0.0525,0.0535,0.053,0.05314201,0.0475,2239.3,8.2,1748921682441
1748921684705,2025-06-03 11:34:44,BTC-27JUN25-100000-C,105925.75,105453.35,41.16,,,0.074,0.0765,0.07525,0.07503195,0.069,3547.1,0.6,1748921682441
1748921684705,2025-06-03 11:34:44,BTC-27JUN25-112000-P,105925.75,105453.35,41.62,,,0.077,0.0795,0.07825,0.07833,0.0705,74.8,0.2,1748921682441
1748921684705,2025-06-03 11:34:44,BTC-29AUG25-60000-P,107310.86111111111,105453.35,62.7,,,0.0023,0.0028,0.00255,0.00253501,0.0024,6.1,0.9,1748921682441
1748921684705,2025-06-03 11:34:44,BTC-13JUN25-95000-P,105652.16,105453.35,43.84,,,0.0021,0.0024,0.00225,0.00225375,0.002,1373.9,98.7,1748921682441
1748921684705,2025-06-03 11:34:44,BTC-27MAR26-200000-C,111436.13,105453.35,51.84,,,0.03,0.032,0.031,0.0311185,0.029,188.0,4.1,1748921682441
1748921684705,2025-06-03 11:34:44,BTC-27JUN25-45000-C,105925.75,105453.35,117.58,,,0.5745,0.576,0.57525,0.57536544,0.577,41.7,0.0,1748921682441
1748921684705,2025-06-03 11:34:44,BTC-29AUG25-95000-C,107283.23999999999,105453.35,45.8,,,0.152,0.1545,0.15325,0.15328777,,0.0,0.0,1748921682441
1748921684705,2025-06-03 11:34:44,BTC-5JUN25-102000-C,105495.30391327804,105453.35,38.13,,,0.0335,0.0385,0.036,0.03496083,0.044,0.4,0.4,1748921682441
1748921684705,2025-06-03 11:34:44,BTC-26DEC25-50000-C,109694.03,105453.35,61.35,,,0.5485,0.552,0.55025,0.54981903,0.56,10.6,0.0,1748921682441
1748921684705,2025-06-03 11:34:44,BTC-20JUN25-113000-P,105824.235,105453.35,40.47,,,0.0775,0.081,0.07925,0.0800269,0.0731,200.0,0.0,1748921682441
1748921684705,2025-06-03 11:34:44,BTC-13JUN25-119000-P,105661.94,105453.35,41.73,,,0.103,0.133,0.118,0.12733146,0.1125,0.1,0.0,1748921682441
1748921684705,2025-06-03 11:34:44,BTC-13JUN25-105000-P,105652.16,105453.35,38.45,,,0.022,0.023,0.0225,0.02245415,0.019,95.4,61.1,1748921682441
1748921684705,2025-06-03 11:34:44,BTC-20JUN25-98000-C,105790.89,105453.35,41.29,,,0.082,0.089,0.0855,0.08305722,0.0785,2.0,1.0,1748921682441
1748921684705,2025-06-03 11:34:44,BTC-6JUN25-80000-P,105512.79,105453.35,98.44,,,,0.0001,,2.908e-05,0.0001,469.7,6.1,1748921682441
1748921684705,2025-06-03 11:34:44,BTC-26DEC25-190000-C,109694.03,105453.35,51.62,,,0.0175,0.0185,0.018,0.01786074,0.0185,446.3,44.4,1748921682441
1748921684705,2025-06-03 11:34:44,BTC-5JUN25-105000-P,105495.30391327804,105453.35,35.44,,,0.0085,0.009,0.00875,0.0087235,0.0065,7.9,9.5,1748921682441
1748921684705,2025-06-03 11:34:44,BTC-6JUN25-113000-C,105512.79,105453.35,41.35,,,0.0006,0.0007,0.00065,0.00061925,0.0007,249.2,8.7,1748921682441
1748921684705,2025-06-03 11:34:44,BTC-6JUN25-114000-C,105512.79,105453.35,43.22,,,0.0004,0.0005,0.00045,0.00045314,0.0007,712.6,3.3,1748921682441
1748921684705,2025-06-03 11:34:44,BTC-6JUN25-122000-P,105512.79,105453.35,58.87,,,0.124,0.185,0.1545,0.15597119,,0.0,0.0,1748921682441
1748921684705,2025-06-03 11:34:44,BTC-26SEP25-40000-C,107893.9,105453.35,77.84,,,0.6295,0.632,0.63075,0.63034589,0.637,10.6,0.0,1748921682441
1748921684705,2025-06-03 11:34:44,BTC-27MAR26-320000-P,111436.13,105453.35,58.31,,,,,,1.87842672,,0.0,0.0,1748921682441
1748921684705,2025-06-03 11:34:44,BTC-27JUN25-55000-P,105925.75,105453.35,94.25,,,0.0001,0.0003,0.0002,0.00018299,0.0002,1710.4,11.0,1748921682441
1748921684705,2025-06-03 11:34:44,BTC-3JUN25-118000-P,105460.33173983413,105453.35,58.1,,,0.11,0.124,0.117,0.11890412,,0.0,0.0,1748921682441
1748921684705,2025-06-03 11:34:44,BTC-27JUN25-55000-C,105925.75,105453.35,94.25,,,0.48,0.4825,0.48125,0.48102042,0.4785,41.1,0.0,1748921682441
1748921684705,2025-06-03 11:34:44,BTC-26DEC25-320000-P,109703.81,105453.35,60.18,,,,,,1.91874974,,0.0,0.0,1748921682441
1748921684705,2025-06-03 11:34:44,BTC-20JUN25-120000-P,105790.89,105453.35,41.78,,,0.1285,0.16,0.14425,0.13792815,0.1395,0.2,0.1,1748921682441
1748921684705,2025-06-03 11:34:44,BTC-29AUG25-118000-C,107310.86111111111,105453.35,45.57,,,0.051,0.052,0.0515,0.05149034,0.0545,47.7,0.0,1748921682441
1748921684705,2025-06-03 11:34:44,BTC-27JUN25-112000-C,105925.75,105453.35,41.62,,,0.0205,0.0215,0.021,0.02112622,0.024,528.7,136.5,1748921682441
1748921684705,2025-06-03 11:34:44,BTC-6JUN25-135000-C,105512.79,105453.35,71.96,,,,0.0001,,2.3e-06,0.0001,268.0,2.3,1748921682441
1748921684705,2025-06-03 11:34:44,BTC-6JUN25-120000-C,105512.79,105453.35,56.31,,,0.0001,0.0002,0.00015,0.0001349,0.0001,799.9,24.6,1748921682441
1748921684705,2025-06-03 11:34:44,BTC-27MAR26-210000-P,111436.13,105453.35,52.29,,,,,,0.91058535,,0.0,0.0,1748921682441
1748921684705,2025-06-03 11:34:44,BTC-6JUN25-110000-C,105512.79,105453.35,37.24,,,0.0019,0.0022,0.00205,0.00203358,0.0024,1031.7,285.0,1748921682441
1748921684705,2025-06-03 11:34:44,BTC-4JUN25-116000-P,105477.81782655609,105453.35,51.68,,,0.075,0.1115,0.09325,0.0997624,,0.0,0.0,1748921682441
1748921684705,2025-06-03 11:34:44,BTC-4JUN25-94000-P,105477.81782655609,105453.35,64.45,,,,0.0001,,8.05e-06,0.0001,8.2,6.5,1748921682441
1748921684705,2025-06-03 11:34:44,BTC-20JUN25-108000-P,105790.89,105453.35,40.15,,,0.0455,0.0465,0.046,0.04653188,0.0455,209.2,1.0,1748921682441
1748921684705,2025-06-03 11:34:44,BTC-5JUN25-101000-P,105495.30391327804,105453.35,40.3,,,0.001,0.0012,0.0011,0.00112627,0.001,1.7,1.9,1748921682441
1748921684705,2025-06-03 11:34:44,BTC-29AUG25-106000-P,107310.86111111111,105453.35,45.32,,,0.0815,0.0825,0.082,0.08181284,0.0815,181.7,127.2,1748921682441
1748921684705,2025-06-03 11:34:44,BTC-26DEC25-110000-P,109703.81,105453.35,47.8,,,0.143,0.1455,0.14425,0.14401507,0.1485,227.3,0.0,1748921682441
1748921684705,2025-06-03 11:34:44,BTC-6JUN25-96000-P,105512.79,105453.35,53.28,,,0.0004,0.0006,0.0005,0.00051744,0.0006,347.7,75.9,1748921682441
1748921684705,2025-06-03 11:34:44,BTC-20JUN25-106000-P,105801.075,105453.35,39.87,,,0.035,0.036,0.0355,0.03553473,0.0315,18.7,4.6,1748921682441
1748921684705,2025-06-03 11:34:44,BTC-29AUG25-122000-P,107283.23999999999,105453.35,45.73,,,0.175,0.1815,0.17825,0.17888262,,0.0,0.0,1748921682441
1748921684705,2025-06-03 11:34:44,BTC-4JUN25-111000-P,105477.81782655609,105453.35,42.52,,,0.0425,0.0575,0.05,0.05251142,,0.0,0.0,1748921682441
1748921684705,2025-06-03 11:34:44,BTC-4JUN25-105000-C,105477.81782655609,105453.35,35.03,,,0.01,0.0105,0.01025,0.01041207,0.0149,21.1,23.4,1748921682441
1748921684705,2025-06-03 11:34:44,BTC-20JUN25-113000-C,105801.075,105453.35,40.47,,,0.0115,0.0125,0.012,0.01188199,0.0135,64.6,19.7,1748921682441
1748921684705,2025-06-03 11:34:44,BTC-3JUN25-110000-P,105460.33173983413,105453.35,45.78,,,0.033,0.049,0.041,0.04304626,,0.0,0.0,1748921682441
1748921684705,2025-06-03 11:34:44,BTC-27MAR26-340000-C,111426.35,105453.35,58.9,,,0.005,0.0065,0.00575,0.00586154,0.0065,15.1,0.0,1748921682441
1748921684705,2025-06-03 11:34:44,BTC-29AUG25-135000-C,107316.46555555557,105453.35,46.64,,,0.0205,0.0215,0.021,0.02088689,0.019,59.0,18.3,1748921682441
1748921684705,2025-06-03 11:34:44,BTC-3JUN25-120000-P,105460.33173983413,105453.35,61.26,,,0.1295,0.154,0.14175,0.1378686,,0.0,0.0,1748921682441
1748921684705,2025-06-03 11:34:44,BTC-5JUN25-112000-C,105495.30391327804,105453.35,39.37,,,0.0002,0.0005,0.00035,0.00029252,0.0004,13.7,13.7,1748921682441
1748921684705,2025-06-03 11:34:44,BTC-4JUN25-110000-C,105477.81782655609,105453.35,39.71,,,0.0003,0.0005,0.0004,0.00028603,0.0002,56.8,51.6,1748921682441
1748921684705,2025-06-03 11:34:44,BTC-20JUN25-130000-C,105790.89,105453.35,45.79,,,0.0007,0.001,0.00085,0.00076477,0.0007,55.3,2.0,1748921682441
1748921684705,2025-06-03 11:34:44,BTC-6JUN25-96000-C,105512.79,105453.35,53.28,,,0.0895,0.092,0.09075,0.09096167,0.091,1.6,0.0,1748921682441
1748921684705,2025-06-03 11:34:44,BTC-5JUN25-116000-P,105495.30391327804,105453.35,50.69,,,0.075,0.1045,0.08975,0.09968,,0.0,0.0,1748921682441
1748921684705,2025-06-03 11:34:44,BTC-25JUL25-160000-C,106519.79,105453.35,51.26,,,0.0015,0.0017,0.0016,0.00153611,0.0015,231.4,4.7,1748921682441
1748921684705,2025-06-03 11:34:44,BTC-27JUN25-40000-C,105925.75,105453.35,120.68,,,0.6215,0.624,0.62275,0.62247157,0.6316,81.9,0.0,1748921682441
1748921684705,2025-06-03 11:34:44,BTC-6JUN25-113000-P,105512.79,105453.35,41.35,,,0.0695,0.073,0.07125,0.07124218,0.0445,13.9,0.0,1748921682441
1748921684705,2025-06-03 11:34:44,BTC-4JUN25-112000-P,105477.81782655609,105453.35,42.54,,,0.0415,0.067,0.05425,0.06188842,,0.0,0.0,1748921682441
1748921684705,2025-06-03 11:34:44,BTC-4JUN25-110000-P,105477.81782655609,105453.35,39.71,,,0.0315,0.047,0.03925,0.04315933,,0.0,0.0,1748921682441
1748921684705,2025-06-03 11:34:44,BTC-25JUL25-84000-P,106519.79,105453.35,49.17,,,0.0075,0.008,0.00775,0.00784958,0.0075,273.0,8.5,1748921682441
1748921684705,2025-06-03 11:34:44,BTC-6JUN25-119000-C,105512.79,105453.35,53.07,,,0.0001,0.0002,0.00015,0.00013452,0.0001,206.1,1.0,1748921682441
1748921684705,2025-06-03 11:34:44,BTC-27JUN25-170000-C,105925.75,105453.35,69.33,,,0.0002,0.0004,0.0003,0.00028084,0.0003,1365.0,0.2,1748921682441
1748921684705,2025-06-03 11:34:44,BTC-25JUL25-106000-C,106529.57,105453.35,43.91,,,0.068,0.069,0.0685,0.06862155,0.0715,305.8,16.4,1748921682441
1748921684705,2025-06-03 11:34:44,BTC-13JUN25-150000-P,105661.94,105453.35,72.79,,,0.372,0.4245,0.39825,0.41939441,,0.0,0.0,1748921682441
1748921684705,2025-06-03 11:34:44,BTC-27MAR26-75000-P,111436.13,105453.35,51.04,,,0.039,0.0405,0.03975,0.04016005,0.037,123.9,46.7,1748921682441
1748921684705,2025-06-03 11:34:44,BTC-13JUN25-122000-C,105661.94,105453.35,43.83,,,0.0007,0.0009,0.0008,0.00074134,0.0007,392.6,2.0,1748921682441
1748921684705,2025-06-03 11:34:44,BTC-13JUN25-88000-P,105661.94,105453.35,54.18,,,0.0005,0.0008,0.00065,0.00065783,0.0007,43.0,5.3,1748921682441
1748921684705,2025-06-03 11:34:44,BTC-26SEP25-280000-C,107893.9,105453.35,63.24,,,0.0005,0.0008,0.00065,0.00063025,0.0011,1167.5,0.0,1748921682441
1748921684705,2025-06-03 11:34:44,BTC-27JUN25-75000-C,105925.75,105453.35,62.41,,,0.2915,0.2945,0.293,0.29281005,0.283,570.4,0.1,1748921682441
1748921684705,2025-06-03 11:34:44,BTC-20JUN25-116000-P,105790.89,105453.35,40.94,,,0.094,0.114,0.104,0.10371426,,0.0,0.0,1748921682441
1748921684705,2025-06-03 11:34:44,BTC-26SEP25-400000-C,107893.9,105453.35,75.91,,,0.0001,0.0005,0.0003,0.00023748,0.0003,313.8,0.0,1748921682441
1748921684705,2025-06-03 11:34:44,BTC-26DEC25-320000-C,109694.03,105453.35,60.18,,,0.002,0.0024,0.0022,0.00227458,0.0025,119.3,0.2,1748921682441
1748921684705,2025-06-03 11:34:44,BTC-6JUN25-101000-P,105512.79,105453.35,40.37,,,0.0021,0.0024,0.00225,0.00221077,0.002,473.1,90.3,1748921682441
1748921684705,2025-06-03 11:34:44,BTC-27JUN25-190000-P,105925.75,105453.35,79.63,,,0.7885,0.795,0.79175,0.79364652,1.2355,5.5,0.0,1748921682442
1748921684705,2025-06-03 11:34:44,BTC-29AUG25-70000-P,107310.86111111111,105453.35,55.27,,,0.005,0.0055,0.00525,0.00527268,0.0049,93.5,37.0,1748921682442
1748921684705,2025-06-03 11:34:44,BTC-26SEP25-150000-P,107893.9,105453.35,48.32,,,0.4015,0.412,0.40675,0.40747786,0.4185,8.4,0.0,1748921682442
1748921684705,2025-06-03 11:34:44,BTC-27JUN25-110000-P,105925.75,105453.35,41.41,,,0.0645,0.066,0.06525,0.06514429,0.06,531.8,11.9,1748921682442
1748921684705,2025-06-03 11:34:44,BTC-29AUG25-180000-P,107283.23999999999,105453.35,52.6,,,,,,0.68051295,,0.0,0.0,1748921682442
1748921684705,2025-06-03 11:34:44,BTC-5JUN25-100000-P,105495.30391327804,105453.35,42.9,,,0.0006,0.0008,0.0007,0.00073003,0.0004,7.2,7.3,1748921682442
1748921684705,2025-06-03 11:34:44,BTC-3JUN25-110000-C,105460.33173983413,105453.35,45.78,,,,0.0001,,5e-08,0.0001,95.2,75.1,1748921682442
1748921684705,2025-06-03 11:34:44,BTC-29AUG25-114000-C,107310.86111111111,105453.35,45.43,,,0.063,0.064,0.0635,0.06324183,0.0675,25.5,0.0,1748921682442
1748921684705,2025-06-03 11:34:44,BTC-20JUN25-130000-P,105790.89,105453.35,45.79,,,0.188,0.2305,0.20925,0.22960404,,0.0,0.0,1748921682442
1748921684705,2025-06-03 11:34:44,BTC-5JUN25-102000-P,105495.30391327804,105453.35,38.13,,,0.0017,0.002,0.00185,0.00182851,0.0011,19.7,20.1,1748921682442
1748921684705,2025-06-03 11:34:44,BTC-25JUL25-90000-P,106519.79,105453.35,46.21,,,0.014,0.0145,0.01425,0.01426261,0.0135,606.0,106.2,1748921682442
1748921684705,2025-06-03 11:34:44,BTC-13JUN25-140000-C,105661.94,105453.35,64.46,,,0.0001,0.0003,0.0002,0.00017461,0.0001,71.6,0.1,1748921682442
1748921684705,2025-06-03 11:34:44,BTC-26SEP25-110000-P,107890.14,105453.35,45.93,,,0.113,0.1145,0.11375,0.11365046,0.1085,608.7,2.2,1748921682442
1748921684705,2025-06-03 11:34:44,BTC-4JUN25-98000-P,105477.81782655609,105453.35,56.08,,,,0.0002,,0.00011205,0.0001,12.8,13.2,1748921682442
1748921684705,2025-06-03 11:34:44,BTC-6JUN25-98000-C,105512.79,105453.35,46.88,,,0.0705,0.073,0.07175,0.07227734,0.0735,16.8,0.0,1748921682442
1748921684705,2025-06-03 11:34:44,BTC-13JUN25-95000-C,105652.16,105453.35,43.84,,,0.102,0.1055,0.10375,0.10330615,0.099,10.0,0.0,1748921682442
1748921684705,2025-06-03 11:34:44,BTC-26SEP25-190000-C,107893.9,105453.35,52.93,,,0.0042,0.0045,0.00435,0.00429072,0.0044,489.5,29.8,1748921682442
1748921684705,2025-06-03 11:34:44,BTC-26SEP25-180000-P,107893.9,105453.35,51.66,,,0.6665,0.679,0.67275,0.67396563,1.085,8.1,0.0,1748921682442
1748921684705,2025-06-03 11:34:44,BTC-27MAR26-60000-C,111426.35,105453.35,54.53,,,0.477,0.4835,0.48025,0.47922848,0.512,4.7,0.0,1748921682442
1748921684705,2025-06-03 11:34:44,BTC-5JUN25-114000-P,105495.30391327804,105453.35,45.63,,,0.0585,0.1135,0.086,0.08079779,,0.0,0.0,1748921682442
1748921684705,2025-06-03 11:34:44,BTC-6JUN25-97000-P,105512.79,105453.35,50.13,,,0.0005,0.0007,0.0006,0.0006349,0.0005,465.7,21.3,1748921682442
1748921684705,2025-06-03 11:34:44,BTC-27JUN25-130000-P,105925.75,105453.35,46.18,,,0.2255,0.2305,0.228,0.22939126,0.179,54.9,0.0,1748921682442
1748921684705,2025-06-03 11:34:44,BTC-26DEC25-100000-P,109694.03,105453.35,47.82,,,0.0955,0.097,0.09625,0.09646821,0.105,328.5,0.0,1748921682442
1748921684705,2025-06-03 11:34:44,BTC-27JUN25-180000-P,105925.75,105453.35,73.11,,,0.695,0.703,0.699,0.69925334,0.709,20.2,0.0,1748921682442
1748921684705,2025-06-03 11:34:44,BTC-25JUL25-200000-C,106529.57,105453.35,61.96,,,0.0003,0.0005,0.0004,0.00035235,0.0004,405.8,24.9,1748921682442
1748921684705,2025-06-03 11:34:44,BTC-6JUN25-116000-P,105512.79,105453.35,47.02,,,0.075,0.1045,0.08975,0.09930513,0.097,0.1,0.0,1748921682442
1748921684705,2025-06-03 11:34:44,BTC-13JUN25-106000-C,105652.16,105453.35,38.45,,,0.0235,0.0245,0.024,0.02416859,0.025,266.4,77.4,1748921682442
1748921684705,2025-06-03 11:34:44,BTC-29AUG25-104000-P,107310.86111111111,105453.35,45.36,,,0.0725,0.073,0.07275,0.07245364,0.0775,91.3,1.7,1748921682442
1748921684705,2025-06-03 11:34:44,BTC-13JUN25-109000-P,105661.94,105453.35,38.56,,,0.0435,0.046,0.04475,0.04472074,0.0495,42.8,1.0,1748921682442
1748921684705,2025-06-03 11:34:44,BTC-26SEP25-300000-P,107893.9,105453.35,66.97,,,,,,1.78086496,1.735,0.4,0.0,1748921682442
1748921684705,2025-06-03 11:34:44,BTC-27JUN25-82000-C,105925.75,105453.35,53.5,,,0.2265,0.229,0.22775,0.22745765,0.2325,0.2,0.0,1748921682442
1748921684705,2025-06-03 11:34:44,BTC-27JUN25-70000-P,105929.51,105453.35,70.09,,,0.0005,0.0006,0.00055,0.00054019,0.0006,2510.6,0.2,1748921682442
1748921684705,2025-06-03 11:34:44,BTC-20JUN25-155000-C,105790.89,105453.35,64.95,,,0.0001,0.0003,0.0002,0.00017437,0.0001,161.6,37.6,1748921682442
1748921684705,2025-06-03 11:34:44,BTC-29AUG25-90000-C,107283.23999999999,105453.35,46.55,,,0.185,0.1895,0.18725,0.18729921,0.1804,14.0,0.0,1748921682442
1748921684705,2025-06-03 11:34:44,BTC-29AUG25-150000-C,107310.86111111111,105453.35,48.17,,,0.0095,0.01,0.00975,0.00963567,0.0095,53.1,5.2,1748921682442
1748921684705,2025-06-03 11:34:44,BTC-26DEC25-105000-C,109694.03,105453.35,47.76,,,0.161,0.1625,0.16175,0.16184488,0.166,934.0,10.0,1748921682442
1748921684705,2025-06-03 11:34:44,BTC-27MAR26-170000-C,111426.35,105453.35,50.66,,,0.0525,0.0545,0.0535,0.0534273,0.0515,37.5,5.7,1748921682442
1748921684705,2025-06-03 11:34:44,BTC-26DEC25-70000-C,109694.03,105453.35,52.13,,,0.3785,0.3865,0.3825,0.38132378,0.3495,13.5,0.0,1748921682442
1748921684705,2025-06-03 11:34:44,BTC-27MAR26-140000-C,111426.35,105453.35,49.66,,,0.0955,0.098,0.09675,0.09672687,0.0965,559.8,0.2,1748921682442
1748921684705,2025-06-03 11:34:44,BTC-29AUG25-150000-P,107283.23999999999,105453.35,48.17,,,0.3555,0.471,0.41325,0.40780374,,0.0,0.0,1748921682442
1748921684705,2025-06-03 11:34:44,BTC-6JUN25-111000-C,105512.79,105453.35,38.09,,,0.0012,0.0015,0.00135,0.00129016,0.0018,781.2,41.3,1748921682442
1748921684705,2025-06-03 11:34:44,BTC-6JUN25-98000-P,105512.79,105453.35,46.88,,,0.0007,0.0009,0.0008,0.00078219,0.0007,1875.8,5.8,1748921682442
1748921684705,2025-06-03 11:34:44,BTC-6JUN25-94000-P,105512.79,105453.35,58.14,,,0.0002,0.0004,0.0003,0.00030203,0.0003,472.4,164.3,1748921682442
1748921684705,2025-06-03 11:34:44,BTC-6JUN25-97000-C,105512.79,105453.35,50.13,,,0.08,0.083,0.0815,0.0816046,0.0725,303.7,0.0,1748921682442
1748921684705,2025-06-03 11:34:44,BTC-25JUL25-105000-C,106519.79,105453.35,43.92,,,0.073,0.0735,0.07325,0.0731262,0.0735,95.8,20.7,1748921682442
1748921684705,2025-06-03 11:34:44,BTC-25JUL25-135000-C,106519.79,105453.35,46.42,,,0.008,0.0085,0.00825,0.00806934,0.0085,1831.2,218.4,1748921682442
1748921684705,2025-06-03 11:34:44,BTC-20JUN25-104000-C,105790.89,105453.35,39.84,,,0.043,0.0445,0.04375,0.04330817,0.0485,26.4,14.1,1748921682442
1748921684705,2025-06-03 11:34:44,BTC-6JUN25-115000-C,105522.57,105453.35,43.69,,,0.0002,0.0004,0.0003,0.00027359,0.0004,2492.4,28.8,1748921682442
1748921684705,2025-06-03 11:34:44,BTC-27MAR26-50000-C,111426.35,105453.35,58.63,,,0.559,0.5635,0.56125,0.56116349,0.5575,8.0,0.0,1748921682442
1748921684705,2025-06-03 11:34:44,BTC-13JUN25-125000-C,105652.16,105453.35,46.7,,,0.0004,0.0006,0.0005,0.0004748,0.0005,482.5,1.0,1748921682442
1748921684705,2025-06-03 11:34:44,BTC-13JUN25-125000-P,105661.94,105453.35,46.7,,,0.1475,0.185,0.16625,0.18323354,,0.0,0.0,1748921682442
1748921684705,2025-06-03 11:34:44,BTC-5JUN25-109000-P,105495.30391327804,105453.35,36.0,,,0.033,0.0365,0.03475,0.03489801,,0.0,0.0,1748921682442
1748921684705,2025-06-03 11:34:44,BTC-20JUN25-145000-P,105790.89,105453.35,55.84,,,0.3245,0.376,0.35025,0.37083429,,0.0,0.0,1748921682442
1748921684705,2025-06-03 11:34:44,BTC-26DEC25-190000-P,109694.03,105453.35,51.62,,,,,,0.74951787,,0.0,0.0,1748921682442
1748921684705,2025-06-03 11:34:44,BTC-27MAR26-100000-P,111436.13,105453.35,48.93,,,0.118,0.121,0.1195,0.11923969,0.1165,101.7,0.8,1748921682442
1748921684705,2025-06-03 11:34:44,BTC-6JUN25-116000-C,105522.57,105453.35,47.02,,,0.0002,0.0003,0.00025,0.00025858,0.0005,894.5,9.1,1748921682442
1748921684705,2025-06-03 11:34:44,BTC-20JUN25-103000-C,105790.89,105453.35,40.04,,,0.0485,0.05,0.04925,0.04898875,0.05,5.3,4.7,1748921682442
1748921684705,2025-06-03 11:34:44,BTC-26SEP25-30000-P,107893.9,105453.35,89.2,,,0.0003,0.0006,0.00045,0.00043491,0.0005,389.8,0.0,1748921682442
1748921684705,2025-06-03 11:34:44,BTC-4JUN25-104000-P,105477.81782655609,105453.35,36.04,,,0.0028,0.0031,0.00295,0.0029753,0.0024,45.2,24.9,1748921682442
1748921684705,2025-06-03 11:34:44,BTC-25JUL25-114000-P,106529.57,105453.35,44.21,,,0.109,0.111,0.11,0.10942326,0.1035,60.2,0.0,1748921682442
1748921684705,2025-06-03 11:34:44,BTC-29AUG25-125000-C,107310.86111111111,105453.35,45.85,,,0.035,0.036,0.0355,0.03549342,0.0335,9.2,0.4,1748921682442
1748921684705,2025-06-03 11:34:44,BTC-5JUN25-103000-P,105495.30391327804,105453.35,36.77,,,0.0029,0.0033,0.0031,0.00313836,0.0021,10.6,14.2,1748921682443
1748921684705,2025-06-03 11:34:44,BTC-27JUN25-150000-C,105925.75,105453.35,56.47,,,0.0004,0.0006,0.0005,0.0004806,0.0005,1577.2,5.7,1748921682443
1748921684705,2025-06-03 11:34:44,BTC-26DEC25-80000-C,109694.11,105453.35,49.63,,,0.3025,0.311,0.30675,0.30565256,0.321,252.8,0.0,1748921682443
1748921684705,2025-06-03 11:34:44,BTC-3JUN25-103000-P,105460.33173983413,105453.35,43.47,,,,0.0002,,2.48e-05,0.0001,175.7,143.9,1748921682443
1748921684705,2025-06-03 11:34:44,BTC-27JUN25-108000-C,105925.75,105453.35,41.22,,,0.0335,0.034,0.03375,0.0336955,0.0345,1236.2,330.1,1748921682443
1748921684705,2025-06-03 11:34:44,BTC-26SEP25-55000-C,107893.9,105453.35,63.33,,,0.492,0.495,0.4935,0.49310422,0.4145,10.2,0.0,1748921682443
1748921684705,2025-06-03 11:34:44,BTC-27JUN25-88000-P,105925.75,105453.35,47.4,,,0.003,0.0033,0.00315,0.00310405,0.003,1460.1,11.9,1748921682443
1748921684705,2025-06-03 11:34:44,BTC-4JUN25-114000-C,105477.81782655609,105453.35,48.87,,,,0.0001,,2.267e-05,0.0001,0.4,0.4,1748921682443
1748921684705,2025-06-03 11:34:44,BTC-6JUN25-106000-C,105512.79,105453.35,36.0,,,0.011,0.012,0.0115,0.01137547,0.0115,809.7,50.3,1748921682443
1748921684705,2025-06-03 11:34:44,BTC-4JUN25-109000-P,105477.81782655609,105453.35,38.0,,,0.0235,0.0385,0.031,0.03401156,,0.0,0.0,1748921682443
1748921684705,2025-06-03 11:34:44,BTC-3JUN25-98000-C,105460.33173983413,105453.35,56.59,,,0.0685,0.0795,0.074,0.07074064,,0.0,0.0,1748921682443
1748921684705,2025-06-03 11:34:44,BTC-6JUN25-112000-P,105512.79,105453.35,39.66,,,0.061,0.0635,0.06225,0.06203051,0.081,36.7,0.0,1748921682443
1748921684705,2025-06-03 11:34:44,BTC-26DEC25-210000-C,109694.03,105453.35,53.01,,,0.0115,0.0125,0.012,0.01176063,0.012,127.9,5.9,1748921682443
1748921684705,2025-06-03 11:34:44,BTC-5JUN25-103000-C,105495.30391327804,105453.35,36.77,,,0.025,0.0285,0.02675,0.02679159,0.029,0.5,0.5,1748921682443
1748921684705,2025-06-03 11:34:44,BTC-29AUG25-122000-C,107310.86111111111,105453.35,45.73,,,0.0415,0.042,0.04175,0.04170592,0.0424,103.2,100.0,1748921682443
1748921684705,2025-06-03 11:34:44,BTC-27JUN25-92000-C,105925.75,105453.35,44.52,,,0.136,0.139,0.1375,0.13719635,0.1443,0.7,0.0,1748921682443
1748921684705,2025-06-03 11:34:44,BTC-4JUN25-100000-P,105477.81782655609,105453.35,47.16,,,0.0002,0.0003,0.00025,0.00023074,0.0001,12.8,11.3,1748921682443
1748921684705,2025-06-03 11:34:44,BTC-25JUL25-88000-P,106519.79,105453.35,47.05,,,0.011,0.012,0.0115,0.01164235,0.0115,1053.2,27.3,1748921682443
1748921684705,2025-06-03 11:34:44,BTC-13JUN25-98000-P,105652.16,105453.35,40.84,,,0.0043,0.0045,0.0044,0.0044549,0.0042,1108.9,97.2,1748921682443
1748921684705,2025-06-03 11:34:44,BTC-6JUN25-80000-C,105522.57,105453.35,98.44,,,0.2405,0.243,0.24175,0.24206594,0.2345,302.5,1.2,1748921682443
1748921684705,2025-06-03 11:34:44,BTC-13JUN25-135000-P,105661.94,105453.35,57.16,,,0.269,0.3115,0.29025,0.27755617,,0.0,0.0,1748921682443
1748921684705,2025-06-03 11:34:44,BTC-25JUL25-70000-P,106529.57,105453.35,59.89,,,0.0021,0.0023,0.0022,0.00226521,0.0022,207.4,2.7,1748921682443
1748921684705,2025-06-03 11:34:44,BTC-27JUN25-280000-P,105925.75,105453.35,122.26,,,1.635,1.647,1.641,1.64315058,1.561,0.6,0.0,1748921682443
1748921684705,2025-06-03 11:34:44,BTC-25JUL25-120000-P,106529.57,105453.35,44.68,,,0.1475,0.1535,0.1505,0.15161784,0.165,6.0,0.0,1748921682443
1748921684705,2025-06-03 11:34:44,BTC-26DEC25-115000-P,109690.35,105453.35,47.89,,,0.17,0.173,0.1715,0.17165991,0.1705,29.9,0.0,1748921682443
1748921684705,2025-06-03 11:34:44,BTC-13JUN25-121000-C,105661.94,105453.35,43.41,,,0.0009,0.0011,0.001,0.00093466,0.0012,84.5,1.8,1748921682443
1748921684705,2025-06-03 11:34:44,BTC-13JUN25-109000-C,105652.16,105453.35,38.56,,,0.013,0.0135,0.01325,0.01333743,0.0141,435.5,239.9,1748921682443
1748921684705,2025-06-03 11:34:44,BTC-25JUL25-96000-C,106519.79,105453.35,44.67,,,0.1235,0.1275,0.1255,0.12527186,0.1265,150.2,0.0,1748921682443
1748921684705,2025-06-03 11:34:44,BTC-25JUL25-80000-P,106519.79,105453.35,51.62,,,0.005,0.0055,0.00525,0.00532087,0.005,728.4,4.3,1748921682443
1748921684705,2025-06-03 11:34:44,BTC-25JUL25-150000-C,106529.57,105453.35,48.9,,,0.0027,0.0029,0.0028,0.00275261,0.0029,2209.2,5.4,1748921682443
1748921684705,2025-06-03 11:34:44,BTC-20JUN25-95000-C,105790.89,105453.35,43.01,,,0.1015,0.114,0.10775,0.10745776,,0.0,0.0,1748921682443
1748921684705,2025-06-03 11:34:44,BTC-5JUN25-101000-C,105495.30391327804,105453.35,40.3,,,0.0375,0.0525,0.045,0.04373768,,0.0,0.0,1748921682443
1748921684705,2025-06-03 11:34:44,BTC-27JUN25-180000-C,105929.51,105453.35,73.11,,,0.0001,0.0003,0.0002,0.00017582,0.0004,1914.7,7.1,1748921682443
1748921684705,2025-06-03 11:34:44,BTC-3JUN25-108000-C,105460.33173983413,105453.35,32.89,,,,0.0002,,1.28e-06,0.0002,169.9,143.2,1748921682443
1748921684705,2025-06-03 11:34:44,BTC-27MAR26-20000-P,111426.35,105453.35,81.07,,,0.0007,0.0012,0.00095,0.00093153,0.0008,45.2,1.4,1748921682443
1748921684705,2025-06-03 11:34:44,BTC-6JUN25-108000-P,105512.79,105453.35,36.37,,,0.0275,0.03,0.02875,0.02835541,0.0395,271.4,2.7,1748921682443
1748921684705,2025-06-03 11:34:44,BTC-6JUN25-109000-C,105512.79,105453.35,36.72,,,0.0031,0.0035,0.0033,0.00325742,0.0036,1168.6,30.2,1748921682443
1748921684705,2025-06-03 11:34:44,BTC-20JUN25-110000-C,105801.075,105453.35,40.32,,,0.019,0.0195,0.01925,0.01916722,0.0195,454.4,29.3,1748921682443
1748921684705,2025-06-03 11:34:44,BTC-6JUN25-110000-P,105512.79,105453.35,37.24,,,0.0425,0.046,0.04425,0.04423994,0.0575,118.5,5.3,1748921682443
1748921684705,2025-06-03 11:34:44,BTC-27JUN25-260000-P,105925.75,105453.35,114.01,,,1.4465,1.456,1.45125,1.45436408,,0.0,0.0,1748921682443
1748921684705,2025-06-03 11:34:44,BTC-29AUG25-96000-P,107316.46555555557,105453.35,45.71,,,0.0415,0.0425,0.042,0.04184285,0.04,7.9,5.3,1748921682443
1748921684705,2025-06-03 11:34:44,BTC-26DEC25-200000-P,109694.03,105453.35,52.25,,,,,,0.83714047,1.49,0.2,0.0,1748921682443
1748921684705,2025-06-03 11:34:44,BTC-4JUN25-105000-P,105477.81782655609,105453.35,35.03,,,0.0055,0.0065,0.006,0.00588204,0.006,7.7,6.2,1748921682443
1748921684705,2025-06-03 11:34:44,BTC-27JUN25-85000-C,105925.75,105453.35,49.92,,,0.1985,0.2015,0.2,0.19968893,0.1995,1899.1,0.1,1748921682443
1748921684705,2025-06-03 11:34:44,BTC-6JUN25-150000-P,105512.79,105453.35,82.89,,,0.374,0.426,0.4,0.42118093,,0.0,0.0,1748921682443
1748921684705,2025-06-03 11:34:44,BTC-25JUL25-88000-C,106519.79,105453.35,47.05,,,0.183,0.1885,0.18575,0.185733,0.188,6.4,0.0,1748921682443
1748921684705,2025-06-03 11:34:44,BTC-29AUG25-110000-C,107310.86111111111,105453.35,45.35,,,0.077,0.078,0.0775,0.07725745,0.0805,116.4,100.5,1748921682443
1748921684705,2025-06-03 11:34:44,BTC-26DEC25-40000-C,109694.03,105453.35,68.47,,,0.636,0.64,0.638,0.63829336,0.6365,9.0,0.0,1748921682443
1748921684705,2025-06-03 11:34:44,BTC-3JUN25-104000-C,105460.33173983413,105453.35,40.52,,,0.013,0.0155,0.01425,0.01409293,0.0145,58.6,58.6,1748921682443
1748921684705,2025-06-03 11:34:44,BTC-29AUG25-104000-C,107283.23999999999,105453.35,45.36,,,0.1025,0.1035,0.103,0.10305712,0.103,8.7,0.8,1748921682443
1748921684705,2025-06-03 11:34:44,BTC-4JUN25-101000-P,105477.81782655609,105453.35,43.15,,,0.0002,0.0005,0.00035,0.00037453,0.0002,24.9,26.3,1748921682443
1748921684705,2025-06-03 11:34:44,BTC-29AUG25-108000-C,107318.33,105453.35,45.34,,,0.085,0.086,0.0855,0.08522304,0.081,29.2,2.8,1748921682443
1748921684705,2025-06-03 11:34:44,BTC-20JUN25-111000-P,105790.89,105453.35,40.33,,,0.063,0.0665,0.06475,0.0656376,0.0715,0.6,0.0,1748921682443
1748921684705,2025-06-03 11:34:44,BTC-29AUG25-170000-P,107283.23999999999,105453.35,50.77,,,0.532,0.6545,0.59325,0.5884448,,0.0,0.0,1748921682443
1748921684705,2025-06-03 11:34:44,BTC-26SEP25-50000-C,107893.9,105453.35,67.7,,,0.5375,0.5405,0.539,0.53866523,0.54,26.9,0.0,1748921682443
1748921684705,2025-06-03 11:34:44,BTC-20JUN25-155000-P,105790.89,105453.35,64.95,,,0.416,0.504,0.46,0.46532888,,0.0,0.0,1748921682443
1748921684705,2025-06-03 11:34:44,BTC-29AUG25-94000-P,107318.97,105453.35,45.99,,,0.0355,0.0365,0.036,0.03605635,0.035,3.8,3.3,1748921682443
1748921684705,2025-06-03 11:34:44,BTC-27JUN25-120000-P,105925.75,105453.35,42.93,,,0.1375,0.142,0.13975,0.14034968,0.1536,427.9,0.0,1748921682443
1748921684705,2025-06-03 11:34:44,BTC-6JUN25-99000-P,105512.79,105453.35,44.6,,,0.0009,0.0012,0.00105,0.0010861,0.001,683.9,9.2,1748921682443
1748921684705,2025-06-03 11:34:44,BTC-5JUN25-122000-P,105495.30391327804,105453.35,59.44,,,0.124,0.158,0.141,0.15646014,,0.0,0.0,1748921682443
1748921684705,2025-06-03 11:34:44,BTC-25JUL25-140000-P,106529.57,105453.35,47.36,,,0.315,0.3235,0.31925,0.31957103,0.339,11.1,0.0,1748921682443
1748921684705,2025-06-03 11:34:44,BTC-5JUN25-100000-C,105495.30391327804,105453.35,42.9,,,0.047,0.062,0.0545,0.05282053,,0.0,0.0,1748921682443
1748921684705,2025-06-03 11:34:44,BTC-3JUN25-122000-C,105460.33173983413,105453.35,64.32,,,,0.0001,,0.0,,0.0,0.0,1748921682443
1748921684705,2025-06-03 11:34:44,BTC-25JUL25-112000-C,106519.79,105453.35,44.1,,,0.045,0.046,0.0455,0.04552298,0.0495,1906.8,107.2,1748921682443
1748921684705,2025-06-03 11:34:44,BTC-27JUN25-100000-P,105925.75,105453.35,41.16,,,0.0185,0.019,0.01875,0.0189639,0.0185,2684.7,60.1,1748921682443
1748921684705,2025-06-03 11:34:44,BTC-3JUN25-107000-P,105460.33173983413,105453.35,32.49,,,0.013,0.016,0.0145,0.01466408,0.0055,3.2,3.2,1748921682443
1748921684705,2025-06-03 11:34:44,BTC-20JUN25-104000-P,105801.075,105453.35,39.84,,,0.026,0.027,0.0265,0.02637958,0.023,296.7,7.9,1748921682443
1748921684705,2025-06-03 11:34:44,BTC-20JUN25-106000-C,105801.075,105453.35,39.87,,,0.0335,0.0345,0.034,0.03355809,0.038,193.1,78.0,1748921682443
1748921684705,2025-06-03 11:34:44,BTC-27JUN25-140000-C,105925.75,105453.35,50.85,,,0.0007,0.0009,0.0008,0.00089398,0.0009,3370.7,6.8,1748921682443
1748921684705,2025-06-03 11:34:44,BTC-26DEC25-110000-C,109690.35,105453.35,47.8,,,0.1405,0.142,0.14125,0.14140855,0.142,678.6,0.0,1748921682443
1748921684705,2025-06-03 11:34:44,BTC-4JUN25-102000-C,105477.81782655609,105453.35,39.93,,,0.0245,0.0435,0.034,0.03366695,0.043,0.3,0.3,1748921682443
1748921684705,2025-06-03 11:34:44,BTC-20JUN25-117000-C,105801.075,105453.35,41.21,,,0.006,0.0065,0.00625,0.00612121,0.0066,89.4,45.7,1748921682443
1748921684705,2025-06-03 11:34:44,BTC-13JUN25-117000-P,105661.94,105453.35,40.59,,,0.089,0.1145,0.10175,0.10915219,,0.0,0.0,1748921682443
1748921684705,2025-06-03 11:34:44,BTC-27JUN25-20000-C,105925.75,105453.35,137.66,,,0.8105,0.812,0.81125,0.81121365,0.8105,74.7,0.0,1748921682443
1748921684705,2025-06-03 11:34:44,BTC-26SEP25-95000-C,107890.14,105453.35,46.1,,,0.1665,0.1695,0.168,0.16806763,0.174,1077.3,0.2,1748921682443
1748921684705,2025-06-03 11:34:44,BTC-3JUN25-105500-P,105460.33173983413,105453.35,29.7,,,0.0024,0.003,0.0027,0.00285332,0.0022,75.4,84.9,1748921682443
1748921684705,2025-06-03 11:34:44,BTC-13JUN25-101000-C,105661.94,105453.35,39.24,,,0.05,0.0605,0.05525,0.05361119,0.0565,0.4,0.0,1748921682443
1748921684705,2025-06-03 11:34:44,BTC-20JUN25-122000-C,105824.235,105453.35,42.31,,,0.0025,0.0028,0.00265,0.00255545,0.0028,406.4,8.8,1748921682443
1748921684705,2025-06-03 11:34:44,BTC-20JUN25-90000-P,105801.075,105453.35,47.06,,,0.0021,0.0023,0.0022,0.00227494,0.0022,138.8,9.7,1748921682443
1748921684705,2025-06-03 11:34:44,BTC-25JUL25-125000-C,106519.79,105453.35,45.17,,,0.017,0.018,0.0175,0.01734426,0.018,1383.6,366.5,1748921682443
1748921684705,2025-06-03 11:34:44,BTC-26SEP25-95000-P,107890.14,105453.35,46.1,,,0.048,0.049,0.0485,0.04848164,0.048,1185.3,22.5,1748921682443
1748921684705,2025-06-03 11:34:44,BTC-25JUL25-70000-C,106529.57,105453.35,59.89,,,0.3435,0.347,0.34525,0.34531465,0.3357,35.0,0.0,1748921682443
1748921684705,2025-06-03 11:34:44,BTC-13JUN25-103000-C,105661.94,105453.35,38.68,,,0.0395,0.041,0.04025,0.04013637,0.0355,2.7,1.0,1748921682443
1748921684705,2025-06-03 11:34:44,BTC-13JUN25-90000-C,105652.16,105453.35,51.4,,,0.148,0.1505,0.14925,0.14930966,0.146,5.0,0.0,1748921682443
1748921684705,2025-06-03 11:34:44,BTC-13JUN25-98000-C,105661.94,105453.35,40.84,,,0.0705,0.084,0.07725,0.0771646,0.0675,0.3,0.0,1748921682443
1748921684705,2025-06-03 11:34:44,BTC-13JUN25-88000-C,105661.94,105453.35,54.18,,,0.1665,0.1745,0.1705,0.16799567,,0.0,0.0,1748921682443
1748921684705,2025-06-03 11:34:44,BTC-6JUN25-103000-P,105522.57,105453.35,38.27,,,0.0049,0.0055,0.0052,0.0051901,0.0033,734.6,207.0,1748921682443
1748921684705,2025-06-03 11:34:44,BTC-26SEP25-120000-C,107890.14,105453.35,46.29,,,0.062,0.063,0.0625,0.06213833,0.063,1581.4,17.9,1748921682443
1748921684705,2025-06-03 11:34:44,BTC-4JUN25-120000-P,105477.81782655609,105453.35,59.89,,,0.1295,0.154,0.14175,0.13768063,,0.0,0.0,1748921682443
1748921684705,2025-06-03 11:34:44,BTC-6JUN25-117000-C,105522.57,105453.35,49.15,,,0.0002,0.0003,0.00025,0.00020786,0.0004,150.7,0.0,1748921682443
1748921684705,2025-06-03 11:34:44,BTC-4JUN25-103000-C,105477.81782655609,105453.35,37.37,,,0.0235,0.0265,0.025,0.02488721,0.027,1.2,1.1,1748921682443
1748921684705,2025-06-03 11:34:44,BTC-26SEP25-65000-C,107893.9,105453.35,56.13,,,0.401,0.405,0.403,0.40315282,0.4235,39.2,0.0,1748921682443
1748921684705,2025-06-03 11:34:44,BTC-27JUN25-220000-P,105925.75,105453.35,96.98,,,1.0715,1.0795,1.0755,1.07682646,1.529,14.8,0.0,1748921682443
1748921684705,2025-06-03 11:34:44,BTC-6JUN25-90000-P,105512.79,105453.35,72.15,,,0.0001,0.0003,0.0002,0.00018812,0.0002,402.9,12.2,1748921682443
1748921684705,2025-06-03 11:34:44,BTC-5JUN25-104000-P,105495.30391327804,105453.35,36.23,,,0.005,0.0055,0.00525,0.00542449,0.005,6.5,11.2,1748921682443
1748921684705,2025-06-03 11:34:44,BTC-26SEP25-90000-C,107890.14,105453.35,46.7,,,0.199,0.202,0.2005,0.20047889,0.202,1283.5,0.0,1748921682443
1748921684705,2025-06-03 11:34:44,BTC-26SEP25-280000-P,107893.9,105453.35,63.24,,,0.001,,,1.59552774,,0.0,0.0,1748921682443
1748921684705,2025-06-03 11:34:44,BTC-20JUN25-114000-C,105801.075,105453.35,40.57,,,0.01,0.0105,0.01025,0.01006023,0.01,98.6,7.7,1748921682443
1748921684705,2025-06-03 11:34:44,BTC-6JUN25-105000-C,105512.79,105453.35,36.47,,,0.0155,0.0165,0.016,0.01626538,0.017,635.2,127.7,1748921682443
1748921684705,2025-06-03 11:34:44,BTC-4JUN25-114000-P,105477.81782655609,105453.35,48.87,,,0.058,0.0895,0.07375,0.08081864,,0.0,0.0,1748921682443
1748921684705,2025-06-03 11:34:44,BTC-3JUN25-109000-C,105460.33173983413,105453.35,41.74,,,,0.0001,,5.1e-07,0.0001,89.9,79.2,1748921682443
1748921684705,2025-06-03 11:34:44,BTC-25JUL25-100000-C,106519.79,105453.35,44.18,,,0.0985,0.1005,0.0995,0.09973393,0.1,480.5,4.3,1748921682443
1748921684705,2025-06-03 11:34:44,BTC-26SEP25-400000-P,107893.9,105453.35,75.91,,,,,,2.70723389,,0.0,0.0,1748921682443
1748921684705,2025-06-03 11:34:44,BTC-4JUN25-118000-C,105477.81782655609,105453.35,55.41,,,,0.0001,,1.57e-06,,0.0,0.0,1748921682443
1748921684705,2025-06-03 11:34:44,BTC-26SEP25-200000-P,107893.9,105453.35,54.47,,,,,,0.8568476,0.999,4.5,0.0,1748921682443
1748921684705,2025-06-03 11:34:44,BTC-26SEP25-210000-C,107893.9,105453.35,55.78,,,0.0025,0.0027,0.0026,0.00261343,0.0026,346.4,2.3,1748921682443
1748921684705,2025-06-03 11:34:44,BTC-27JUN25-300000-P,105929.51,105453.35,129.86,,,1.823,1.8415,1.83225,1.83193705,2.156,1.7,0.0,1748921682443
1748921684705,2025-06-03 11:34:44,BTC-3JUN25-92000-C,105460.33173983413,105453.35,86.77,,,0.1215,0.136,0.12875,0.12763407,,0.0,0.0,1748921682443
1748921684705,2025-06-03 11:34:44,BTC-27MAR26-230000-C,111426.35,105453.35,53.22,,,0.0185,0.0205,0.0195,0.01940983,0.0185,36.9,1.0,1748921682443
1748921684705,2025-06-03 11:34:44,BTC-29AUG25-40000-P,107283.23999999999,105453.35,84.44,,,0.0006,0.0009,0.00075,0.00069274,0.0008,2.7,0.0,1748921682444
1748921684705,2025-06-03 11:34:44,BTC-29AUG25-190000-C,107283.23999999999,105453.35,53.89,,,0.0017,0.0021,0.0019,0.00185096,0.0016,41.2,12.3,1748921682444
1748921684705,2025-06-03 11:34:44,BTC-26SEP25-300000-C,107893.9,105453.35,66.97,,,0.0005,0.0007,0.0006,0.00061765,0.0005,1790.5,9.3,1748921682444
1748921684705,2025-06-03 11:34:44,BTC-13JUN25-111000-C,105652.16,105453.35,38.64,,,0.008,0.009,0.0085,0.00850656,0.0085,317.7,11.9,1748921682444
1748921684705,2025-06-03 11:34:44,BTC-27MAR26-120000-P,111426.35,105453.35,49.24,,,0.22,0.2245,0.22225,0.22334619,0.22,39.9,0.0,1748921682444
1748921684705,2025-06-03 11:34:44,BTC-27MAR26-30000-C,111436.13,105453.35,70.31,,,0.7315,0.735,0.73325,0.73305932,0.735,12.9,0.0,1748921682444
1748921684705,2025-06-03 11:34:44,BTC-29AUG25-116000-P,107283.23999999999,105453.35,45.54,,,0.1365,0.1405,0.1385,0.1384247,0.125,0.3,0.0,1748921682444
1748921684705,2025-06-03 11:34:44,BTC-3JUN25-98000-P,105460.33173983413,105453.35,56.59,,,,0.0001,,0.0,0.0001,72.0,65.2,1748921682444
1748921684705,2025-06-03 11:34:44,BTC-26SEP25-210000-P,107893.9,105453.35,55.78,,,0.0001,,,0.94878655,,0.0,0.0,1748921682444
1748921684705,2025-06-03 11:34:44,BTC-27MAR26-260000-P,111426.35,105453.35,54.69,,,,,,1.34574241,,0.0,0.0,1748921682444
1748921684705,2025-06-03 11:34:44,BTC-27JUN25-84000-P,105925.75,105453.35,51.35,,,0.0018,0.002,0.0019,0.00187452,0.0021,185.5,0.2,1748921682444
1748921684705,2025-06-03 11:34:44,BTC-26DEC25-30000-P,109690.35,105453.35,76.78,,,0.0011,0.0015,0.0013,0.0012469,0.0012,139.8,0.0,1748921682444
1748921684705,2025-06-03 11:34:44,BTC-26DEC25-125000-C,109690.35,105453.35,48.15,,,0.093,0.0945,0.09375,0.09363105,0.09,1022.9,0.1,1748921682444
1748921684705,2025-06-03 11:34:44,BTC-27JUN25-30000-C,105925.75,105453.35,128.32,,,0.716,0.7175,0.71675,0.71682313,0.7155,46.3,0.0,1748921682444
1748921684705,2025-06-03 11:34:44,BTC-27MAR26-130000-C,111426.35,105453.35,49.36,,,0.1175,0.1205,0.119,0.11877143,0.1215,111.7,15.1,1748921682444
1748921684705,2025-06-03 11:34:44,BTC-26DEC25-230000-C,109690.35,105453.35,54.51,,,0.008,0.009,0.0085,0.00818881,0.0085,178.0,5.4,1748921682444
1748921684705,2025-06-03 11:34:44,BTC-29AUG25-96000-C,107283.23999999999,105453.35,45.71,,,0.1455,0.1485,0.147,0.14701529,,0.0,0.0,1748921682444
1748921684705,2025-06-03 11:34:44,BTC-25JUL25-98000-C,106529.57,105453.35,44.38,,,0.111,0.114,0.1125,0.11211215,0.1055,225.3,0.4,1748921682444
1748921684705,2025-06-03 11:34:44,BTC-26DEC25-85000-C,109694.11,105453.35,48.87,,,0.2675,0.2765,0.272,0.27136104,0.287,144.6,0.0,1748921682444
1748921684705,2025-06-03 11:34:44,BTC-27MAR26-65000-P,111436.13,105453.35,53.22,,,0.0225,0.0245,0.0235,0.02359353,0.023,34.5,0.5,1748921682444
1748921684705,2025-06-03 11:34:44,BTC-26DEC25-95000-P,109690.35,105453.35,48.01,,,0.076,0.0775,0.07675,0.07690738,0.0812,622.6,50.0,1748921682444
1748921684705,2025-06-03 11:34:44,BTC-20JUN25-96000-C,105790.89,105453.35,42.49,,,0.0985,0.1015,0.1,0.09914735,0.0895,10.1,3.5,1748921682444
1748921684705,2025-06-03 11:34:44,BTC-3JUN25-111000-C,105460.33173983413,105453.35,45.8,,,,0.0001,,0.0,0.0001,5.5,1.0,1748921682444
1748921684705,2025-06-03 11:34:44,BTC-27JUN25-30000-P,105925.75,105453.35,128.32,,,,0.0001,,2.72e-06,0.0001,623.5,0.0,1748921682444
1748921684705,2025-06-03 11:34:44,BTC-13JUN25-107000-P,105652.16,105453.35,38.45,,,0.032,0.033,0.0325,0.03250471,0.032,481.7,133.2,1748921682444
1748921684705,2025-06-03 11:34:44,BTC-3JUN25-106500-P,105460.33173983413,105453.35,30.64,,,0.009,0.0115,0.01025,0.01009794,0.0033,23.1,23.3,1748921682444
1748921684705,2025-06-03 11:34:44,BTC-27JUN25-150000-P,105929.51,105453.35,56.47,,,0.4125,0.4185,0.4155,0.41637853,0.373,16.4,0.0,1748921682444
1748921684705,2025-06-03 11:34:44,BTC-3JUN25-104500-P,105460.33173983413,105453.35,30.23,,,0.0001,0.0003,0.0002,0.00027758,0.0002,37.2,58.4,1748921682444
1748921684705,2025-06-03 11:34:44,BTC-3JUN25-94000-C,105460.33173983413,105453.35,79.3,,,0.1005,0.132,0.11625,0.1086696,,0.0,0.0,1748921682444
1748921684705,2025-06-03 11:34:44,BTC-26SEP25-20000-P,107893.9,105453.35,104.43,,,0.0001,0.0002,0.00015,0.00014454,0.0001,288.9,0.0,1748921682444
1748921684705,2025-06-03 11:34:44,BTC-26DEC25-65000-P,109690.35,105453.35,53.78,,,0.014,0.015,0.0145,0.01411911,0.014,1981.0,80.4,1748921682444
1748921684705,2025-06-03 11:34:44,BTC-20JUN25-98000-P,105824.235,105453.35,41.29,,,0.009,0.0095,0.00925,0.00941298,0.0082,128.3,57.3,1748921682444
1748921684705,2025-06-03 11:34:44,BTC-27JUN25-110000-C,105925.75,105453.35,41.41,,,0.0265,0.0275,0.027,0.02681914,0.0275,5921.0,365.7,1748921682444
1748921684705,2025-06-03 11:34:44,BTC-20JUN25-125000-P,105790.89,105453.35,43.41,,,0.1505,0.184,0.16725,0.18314526,,0.0,0.0,1748921682444
1748921684705,2025-06-03 11:34:44,BTC-20JUN25-110000-P,105818.48000000001,105453.35,40.32,,,0.0575,0.0595,0.0585,0.05895429,0.0665,10.1,0.1,1748921682444
1748921684705,2025-06-03 11:34:44,BTC-25JUL25-100000-P,106519.79,105453.35,44.18,,,0.038,0.039,0.0385,0.03843761,0.0385,1382.0,77.6,1748921682444
1748921684705,2025-06-03 11:34:44,BTC-4JUN25-106000-P,105477.81782655609,105453.35,34.97,,,0.0105,0.011,0.01075,0.01068362,0.0095,60.1,54.9,1748921682444
1748921684705,2025-06-03 11:34:44,BTC-5JUN25-106000-C,105495.30391327804,105453.35,35.12,,,0.008,0.009,0.0085,0.00863819,0.0095,26.2,27.7,1748921682444
1748921684705,2025-06-03 11:34:44,BTC-26DEC25-30000-C,109690.35,105453.35,76.78,,,0.726,0.7295,0.72775,0.72778389,0.7227,30.3,0.0,1748921682444
1748921684705,2025-06-03 11:34:44,BTC-27JUN25-120000-C,105925.75,105453.35,42.93,,,0.0075,0.008,0.00775,0.00763134,0.008,5762.8,567.8,1748921682444
1748921684705,2025-06-03 11:34:44,BTC-29AUG25-80000-P,107316.46555555557,105453.35,49.69,,,0.011,0.012,0.0115,0.01150586,0.0105,107.2,3.4,1748921682444
1748921684705,2025-06-03 11:34:44,BTC-27JUN25-97000-P,105925.75,105453.35,41.98,,,0.0115,0.0125,0.012,0.01207457,0.0125,1017.3,74.3,1748921682444
1748921684705,2025-06-03 11:34:44,BTC-25JUL25-180000-P,106529.57,105453.35,56.55,,,,,,0.68994346,,0.0,0.0,1748921682444
1748921684705,2025-06-03 11:34:44,BTC-27MAR26-230000-P,111436.13,105453.35,53.22,,,,,,1.08304832,,0.0,0.0,1748921682444
1748921684705,2025-06-03 11:34:44,BTC-27MAR26-280000-P,111426.35,105453.35,56.14,,,,,,1.52292514,,0.0,0.0,1748921682444
1748921684705,2025-06-03 11:34:44,BTC-27MAR26-120000-C,111426.35,105453.35,49.24,,,0.145,0.148,0.1465,0.14666524,0.142,80.2,0.9,1748921682444
1748921684705,2025-06-03 11:34:44,BTC-20JUN25-105000-P,105801.075,105453.35,39.86,,,0.03,0.031,0.0305,0.03075773,0.0265,149.3,36.6,1748921682444
1748921684705,2025-06-03 11:34:44,BTC-6JUN25-85000-P,105512.79,105453.35,92.19,,,0.0001,0.0002,0.00015,0.00014801,0.0001,455.6,26.4,1748921682444
1748921684705,2025-06-03 11:34:44,BTC-27MAR26-180000-P,111426.35,105453.35,51.07,,,0.5875,0.7545,0.671,0.65943634,,0.0,0.0,1748921682444
1748921684705,2025-06-03 11:34:44,BTC-25JUL25-170000-P,106529.57,105453.35,53.73,,,,0.658,,0.59638921,,0.0,0.0,1748921682444
1748921684705,2025-06-03 11:34:44,BTC-27MAR26-240000-C,111426.35,105453.35,53.76,,,0.016,0.018,0.017,0.01692028,0.017,71.4,10.2,1748921682444
1748921684705,2025-06-03 11:34:44,BTC-27JUN25-20000-P,105925.75,105453.35,137.66,,,,0.0001,,4e-08,0.0001,300.4,0.0,1748921682444
1748921684705,2025-06-03 11:34:44,BTC-27JUN25-400000-C,105925.75,105453.35,134.68,,,,0.0001,,9.86e-06,0.0001,661.7,0.0,1748921682444
1748921684705,2025-06-03 11:34:44,BTC-3JUN25-105000-C,105460.33173983413,105453.35,30.01,,,0.0048,0.006,0.0054,0.00541117,0.006,63.7,58.2,1748921682444
1748921684705,2025-06-03 11:34:44,BTC-25JUL25-95000-P,106519.79,105453.35,44.87,,,0.0235,0.024,0.02375,0.02381999,0.023,154.9,105.4,1748921682444
1748921684705,2025-06-03 11:34:44,BTC-29AUG25-102000-C,107316.46555555557,105453.35,45.39,,,0.112,0.114,0.113,0.11298054,0.108,0.9,0.2,1748921682444
1748921684705,2025-06-03 11:34:44,BTC-20JUN25-120000-C,105818.48000000001,105453.35,41.78,,,0.0035,0.0038,0.00365,0.00361498,0.0042,1453.0,12.0,1748921682444
1748921684705,2025-06-03 11:34:44,BTC-25JUL25-125000-P,106529.57,105453.35,45.17,,,0.1465,0.2445,0.1955,0.19050892,0.164,0.6,0.0,1748921682444
1748921684705,2025-06-03 11:34:44,BTC-3JUN25-112000-P,105460.33173983413,105453.35,47.2,,,0.045,0.068,0.0565,0.06201069,,0.0,0.0,1748921682444
1748921684705,2025-06-03 11:34:44,BTC-29AUG25-100000-C,107283.23999999999,105453.35,45.48,,,0.1225,0.125,0.12375,0.12365973,0.121,1.8,0.0,1748921682444
1748921684705,2025-06-03 11:34:44,BTC-29AUG25-102000-P,107316.46555555557,105453.35,45.39,,,0.0635,0.064,0.06375,0.06373482,0.06,3.9,0.2,1748921682444
1748921684705,2025-06-03 11:34:44,BTC-27MAR26-140000-P,111426.35,105453.35,49.66,,,0.3305,0.3695,0.35,0.35285464,0.323,1.3,0.0,1748921682444
1748921684705,2025-06-03 11:34:44,BTC-25JUL25-130000-C,106519.79,105453.35,45.78,,,0.0115,0.0125,0.012,0.01184244,0.013,2527.8,21.0,1748921682444
1748921684705,2025-06-03 11:34:44,BTC-25JUL25-200000-P,106529.57,105453.35,61.96,,,,,,0.87735394,,0.0,0.0,1748921682444
1748921684705,2025-06-03 11:34:44,BTC-6JUN25-119000-P,105512.79,105453.35,53.07,,,0.0995,0.1525,0.126,0.12760468,,0.0,0.0,1748921682444
1748921684705,2025-06-03 11:34:44,BTC-26DEC25-300000-C,109690.35,105453.35,59.0,,,0.0026,0.0031,0.00285,0.00288336,0.003,240.4,0.3,1748921682444
1748921684705,2025-06-03 11:34:44,BTC-6JUN25-140000-P,105522.57,105453.35,77.43,,,0.2825,0.331,0.30675,0.32643639,,0.0,0.0,1748921682444
1748921684705,2025-06-03 11:34:44,BTC-6JUN25-150000-C,105512.79,105453.35,82.89,,,,0.0001,,5e-08,0.0001,309.4,0.0,1748921682444
1748921684705,2025-06-03 11:34:44,BTC-27JUN25-300000-C,105925.75,105453.35,129.86,,,0.0001,0.0002,0.00015,0.00014119,0.0001,5825.6,12.3,1748921682444
1748921684705,2025-06-03 11:34:44,BTC-13JUN25-101000-P,105652.16,105453.35,39.24,,,0.009,0.0095,0.00925,0.00929421,0.0085,81.3,61.0,1748921682444
1748921684705,2025-06-03 11:34:44,BTC-27MAR26-135000-P,111436.13,105453.35,49.53,,,0.301,0.3315,0.31625,0.31847425,0.2945,0.2,0.0,1748921682444
1748921684705,2025-06-03 11:34:44,BTC-26SEP25-125000-C,107890.14,105453.35,46.54,,,0.05,0.051,0.0505,0.05018293,0.05,1286.3,120.4,1748921682444
1748921684705,2025-06-03 11:34:44,BTC-4JUN25-102000-P,105477.81782655609,105453.35,39.93,,,0.0005,0.0008,0.00065,0.00069492,0.0004,11.5,8.4,1748921682444
1748921684705,2025-06-03 11:34:44,BTC-26DEC25-170000-C,109690.35,105453.35,50.33,,,0.028,0.029,0.0285,0.0284411,0.0295,3818.9,1.2,1748921682444
1748921684705,2025-06-03 11:34:44,BTC-25JUL25-108000-P,106519.79,105453.35,43.97,,,0.0735,0.0745,0.074,0.07383485,0.08,402.2,17.2,1748921682444
1748921684705,2025-06-03 11:34:44,BTC-29AUG25-130000-P,107283.23999999999,105453.35,46.23,,,0.19,0.2995,0.24475,0.23899283,,0.0,0.0,1748921682444
1748921684705,2025-06-03 11:34:44,BTC-29AUG25-70000-C,107283.23999999999,105453.35,55.27,,,0.349,0.3585,0.35375,0.35279425,,0.0,0.0,1748921682444
1748921684705,2025-06-03 11:34:44,BTC-20JUN25-99000-C,105790.89,105453.35,40.95,,,0.0705,0.081,0.07575,0.07552237,0.0705,1.4,1.4,1748921682444
1748921684705,2025-06-03 11:34:44,BTC-6JUN25-135000-P,105512.79,105453.35,71.96,,,0.2705,0.312,0.29125,0.2790651,,0.0,0.0,1748921682444
1748921684705,2025-06-03 11:34:44,BTC-27MAR26-100000-C,111436.13,105453.35,48.93,,,0.221,0.225,0.223,0.22200556,0.218,1068.7,12.6,1748921682444
1748921684705,2025-06-03 11:34:44,BTC-25JUL25-30000-P,106529.57,105453.35,119.29,,,0.0001,0.0002,0.00015,0.00017235,0.0002,478.9,0.0,1748921682444
1748921684705,2025-06-03 11:34:44,BTC-20JUN25-122000-P,105790.89,105453.35,42.31,,,0.1295,0.157,0.14325,0.15577384,,0.0,0.0,1748921682444
1748921684705,2025-06-03 11:34:44,BTC-13JUN25-121000-P,105661.94,105453.35,43.41,,,0.136,0.1595,0.14775,0.14584513,,0.0,0.0,1748921682444
1748921684705,2025-06-03 11:34:44,BTC-27MAR26-130000-P,111426.35,105453.35,49.36,,,0.281,0.2885,0.28475,0.28530562,0.2815,2.2,0.0,1748921682444
1748921684705,2025-06-03 11:34:44,BTC-13JUN25-150000-C,105661.94,105453.35,72.79,,,,0.0002,,8.392e-05,0.0002,92.6,9.8,1748921682444
1748921684705,2025-06-03 11:34:44,BTC-29AUG25-80000-C,107283.23999999999,105453.35,49.69,,,0.263,0.2685,0.26575,0.26581622,0.259,30.0,0.0,1748921682444
1748921684705,2025-06-03 11:34:44,BTC-20JUN25-140000-P,105790.89,105453.35,52.08,,,0.279,0.3245,0.30175,0.32364266,,0.0,0.0,1748921682444
1748921684705,2025-06-03 11:34:44,BTC-29AUG25-95000-P,107283.23999999999,105453.35,45.8,,,0.0385,0.0395,0.039,0.03879421,0.0422,4.0,1.6,1748921682444
1748921684705,2025-06-03 11:34:44,BTC-13JUN25-124000-C,105661.94,105453.35,46.05,,,0.0005,0.0007,0.0006,0.00057245,0.0004,112.3,91.0,1748921682444
1748921684705,2025-06-03 11:34:44,BTC-26DEC25-210000-P,109690.35,105453.35,53.01,,,,,,0.92600171,,0.0,0.0,1748921682444
1748921684705,2025-06-03 11:34:44,BTC-27JUN25-105000-C,105925.75,105453.35,40.99,,,0.046,0.047,0.0465,0.0464682,0.05,4474.5,65.1,1748921682444
1748921684705,2025-06-03 11:34:44,BTC-6JUN25-95000-C,105522.57,105453.35,56.07,,,0.099,0.1015,0.10025,0.10032913,0.092,5.7,0.0,1748921682444
1748921684705,2025-06-03 11:34:44,BTC-5JUN25-118000-P,105495.30391327804,105453.35,52.12,,,0.1095,0.1325,0.121,0.11856806,,0.0,0.0,1748921682444
1748921684705,2025-06-03 11:34:44,BTC-27JUN25-65000-P,105925.75,105453.35,77.26,,,0.0003,0.0004,0.00035,0.00035575,0.0004,2610.2,0.1,1748921682445
1748921684705,2025-06-03 11:34:44,BTC-3JUN25-104000-P,105460.33173983413,105453.35,40.52,,,0.0001,0.0002,0.00015,0.00024572,0.0001,66.9,43.4,1748921682445
1748921684705,2025-06-03 11:34:44,BTC-3JUN25-106500-C,105460.33173983413,105453.35,30.64,,,0.0001,0.0003,0.0002,0.00023956,0.0004,46.9,66.1,1748921682445
1748921684705,2025-06-03 11:34:44,BTC-6JUN25-117000-P,105512.79,105453.35,49.15,,,0.108,0.1105,0.10925,0.10872895,0.0785,1.0,0.0,1748921682445
1748921684705,2025-06-03 11:34:44,BTC-5JUN25-104000-C,105495.30391327804,105453.35,36.23,,,0.018,0.021,0.0195,0.01959862,0.0215,1.5,2.5,1748921682445
1748921684705,2025-06-03 11:34:44,BTC-29AUG25-170000-C,107283.23999999999,105453.35,50.77,,,0.0037,0.0041,0.0039,0.00385433,0.004,89.0,3.0,1748921682445
1748921684705,2025-06-03 11:34:44,BTC-27MAR26-260000-C,111426.35,105453.35,54.69,,,0.012,0.014,0.013,0.01293369,0.013,82.9,0.6,1748921682445
1748921684705,2025-06-03 11:34:44,BTC-20JUN25-105000-C,105790.89,105453.35,39.86,,,0.038,0.039,0.0385,0.0382337,0.04,326.6,10.0,1748921682445
1748921684705,2025-06-03 11:34:44,BTC-26DEC25-340000-C,109690.35,105453.35,61.18,,,0.0015,0.0021,0.0018,0.00179438,0.0023,198.3,0.0,1748921682445
1748921684705,2025-06-03 11:34:44,BTC-26DEC25-60000-P,109690.35,105453.35,56.02,,,0.01,0.011,0.0105,0.01044374,0.0107,675.3,50.1,1748921682445
1748921684705,2025-06-03 11:34:44,BTC-29AUG25-190000-P,107283.23999999999,105453.35,53.89,,,,,,0.77286385,,0.0,0.0,1748921682445
1748921684705,2025-06-03 11:34:44,BTC-6JUN25-104000-C,105522.57,105453.35,37.03,,,0.0215,0.0225,0.022,0.0222469,0.0295,457.1,86.1,1748921682445
1748921684705,2025-06-03 11:34:44,BTC-3JUN25-105000-P,105460.33173983413,105453.35,30.01,,,0.0008,0.0011,0.00095,0.0010462,0.0005,37.9,37.1,1748921682445
1748921684705,2025-06-03 11:34:44,BTC-4JUN25-92000-P,105477.81782655609,105453.35,70.6,,,,0.0001,,3.25e-06,0.0001,16.9,2.1,1748921682445
1748921684705,2025-06-03 11:34:44,BTC-4JUN25-98000-C,105477.81782655609,105453.35,56.08,,,0.0655,0.0995,0.0825,0.07100674,,0.0,0.0,1748921682445
1748921684705,2025-06-03 11:34:44,BTC-29AUG25-135000-P,107283.23999999999,105453.35,46.64,,,0.2295,0.3405,0.285,0.27923815,,0.0,0.0,1748921682445
1748921684705,2025-06-03 11:34:44,BTC-25JUL25-124000-C,106519.79,105453.35,45.11,,,0.0185,0.019,0.01875,0.01877439,0.02,51.3,40.3,1748921682445
1748921684705,2025-06-03 11:34:44,BTC-25JUL25-122000-C,106519.79,105453.35,44.89,,,0.0215,0.0225,0.022,0.02183299,0.0195,914.2,12.7,1748921682445
1748921684705,2025-06-03 11:34:44,BTC-13JUN25-102000-P,105652.16,105453.35,38.9,,,0.0115,0.012,0.01175,0.01175284,0.011,357.3,71.1,1748921682445
1748921684705,2025-06-03 11:34:44,BTC-25JUL25-50000-C,106529.57,105453.35,83.69,,,0.53,0.5325,0.53125,0.53134924,0.529,24.1,0.0,1748921682445
1748921684705,2025-06-03 11:34:44,BTC-13JUN25-130000-C,105661.94,105453.35,50.99,,,0.0002,0.0005,0.00035,0.00023376,0.0003,59.2,12.0,1748921682445
1748921684705,2025-06-03 11:34:44,BTC-26DEC25-120000-C,109690.35,105453.35,48.02,,,0.1075,0.1085,0.108,0.10756294,0.11,1241.9,33.7,1748921682445
1748921684705,2025-06-03 11:34:44,BTC-27MAR26-75000-C,111426.35,105453.35,51.04,,,0.3625,0.372,0.36725,0.36723446,0.374,9.2,0.0,1748921682445
1748921684705,2025-06-03 11:34:44,BTC-25JUL25-84000-C,106529.57,105453.35,49.17,,,0.215,0.226,0.2205,0.21948903,0.236,2.0,0.0,1748921682445
1748921684705,2025-06-03 11:34:44,BTC-27MAR26-200000-P,111426.35,105453.35,51.84,,,,,,0.82558675,,0.0,0.0,1748921682445
1748921684705,2025-06-03 11:34:44,BTC-6JUN25-103000-C,105512.79,105453.35,38.27,,,0.028,0.0305,0.02925,0.02931256,0.0245,76.9,22.9,1748921682445
1748921684705,2025-06-03 11:34:44,BTC-26DEC25-180000-P,109690.35,105453.35,50.95,,,0.5965,0.7475,0.672,0.66314824,,0.0,0.0,1748921682445
1748921684705,2025-06-03 11:34:44,BTC-27MAR26-125000-C,111436.13,105453.35,49.28,,,0.1305,0.1335,0.132,0.13192967,0.1335,11.5,2.7,1748921682445
1748921684705,2025-06-03 11:34:44,BTC-26SEP25-140000-P,107893.9,105453.35,47.47,,,0.3185,0.3285,0.3235,0.32375396,0.6365,12.8,0.0,1748921682445
1748921684705,2025-06-03 11:34:44,BTC-26SEP25-80000-C,107893.9,105453.35,49.04,,,0.273,0.2775,0.27525,0.2752257,0.282,1130.3,0.1,1748921682445
1748921684705,2025-06-03 11:34:44,BTC-20JUN25-103000-P,105818.48000000001,105453.35,40.04,,,0.022,0.023,0.0225,0.02260756,0.0215,43.6,7.8,1748921682445
1748921684705,2025-06-03 11:34:44,BTC-6JUN25-95000-P,105512.79,105453.35,56.07,,,0.0003,0.0005,0.0004,0.00041036,0.0004,476.1,72.5,1748921682445
1748921684705,2025-06-03 11:34:44,BTC-4JUN25-100000-C,105477.81782655609,105453.35,47.16,,,0.0475,0.061,0.05425,0.05216411,,0.0,0.0,1748921682445
1748921684705,2025-06-03 11:34:44,BTC-13JUN25-108000-P,105661.94,105453.35,38.48,,,0.038,0.0395,0.03875,0.03833166,0.0465,936.7,0.0,1748921682445
1748921684705,2025-06-03 11:34:44,BTC-27MAR26-150000-C,111426.35,105453.35,49.99,,,0.078,0.08,0.079,0.0790457,0.0755,251.1,2.0,1748921682445
1748921684705,2025-06-03 11:34:44,BTC-3JUN25-105500-C,105460.33173983413,105453.35,29.7,,,0.0022,0.0028,0.0025,0.00247718,0.0105,28.3,39.7,1748921682445
1748921684705,2025-06-03 11:34:44,BTC-27JUN25-102000-C,105925.75,105453.35,40.96,,,0.062,0.063,0.0625,0.06249335,0.064,1028.3,2.0,1748921682445
1748921684705,2025-06-03 11:34:44,BTC-27MAR26-110000-C,111426.35,105453.35,48.94,,,0.179,0.1825,0.18075,0.18019265,0.176,129.9,0.5,1748921682445
1748921684705,2025-06-03 11:34:44,BTC-6JUN25-108000-C,105512.79,105453.35,36.37,,,0.005,0.0055,0.00525,0.00509045,0.006,890.1,183.4,1748921682445
1748921684705,2025-06-03 11:34:44,BTC-26SEP25-260000-P,107893.9,105453.35,61.24,,,,,,1.41043413,1.524,0.0,0.0,1748921682445
1748921684705,2025-06-03 11:34:44,BTC-27JUN25-78000-P,105925.75,105453.35,58.4,,,0.0009,0.0012,0.00105,0.00099013,0.001,304.1,0.1,1748921682445
1748921684705,2025-06-03 11:34:44,BTC-25JUL25-90000-C,106519.79,105453.35,46.21,,,0.167,0.172,0.1695,0.16957717,0.1716,112.0,0.0,1748921682445
1748921684705,2025-06-03 11:34:44,BTC-25JUL25-116000-C,106519.79,105453.35,44.37,,,0.0335,0.0345,0.034,0.03416095,0.0375,719.8,155.8,1748921682445
1748921684705,2025-06-03 11:34:44,BTC-25JUL25-85000-C,106529.57,105453.35,48.81,,,0.208,0.213,0.2105,0.21104258,0.2265,5.7,0.0,1748921682445
1748921684705,2025-06-03 11:34:44,BTC-26SEP25-80000-P,107890.14,105453.35,49.04,,,0.0165,0.017,0.01675,0.01662509,0.018,2293.4,0.1,1748921682445
1748921684705,2025-06-03 11:34:44,BTC-25JUL25-126000-C,106519.79,105453.35,45.34,,,0.016,0.0165,0.01625,0.01612019,0.016,250.2,86.1,1748921682445
1748921684705,2025-06-03 11:34:44,BTC-29AUG25-112000-P,107316.46555555557,105453.35,45.41,,,0.113,0.1145,0.11375,0.1139734,0.108,5.2,0.0,1748921682445
1748921684705,2025-06-03 11:34:44,BTC-29AUG25-125000-P,107283.23999999999,105453.35,45.85,,,0.187,0.2105,0.19875,0.20063347,,0.0,0.0,1748921682445
1748921684705,2025-06-03 11:34:44,BTC-26SEP25-40000-P,107893.9,105453.35,77.84,,,0.0009,0.0013,0.0011,0.00104553,0.001,277.4,1.1,1748921682445
1748921684705,2025-06-03 11:34:44,BTC-25JUL25-98000-P,106519.79,105453.35,44.38,,,0.0315,0.032,0.03175,0.03191009,0.0315,650.9,12.7,1748921682445
1748921684705,2025-06-03 11:34:44,BTC-25JUL25-104000-C,106529.57,105453.35,43.93,,,0.0775,0.0785,0.078,0.07807013,0.0825,358.9,26.3,1748921682445
1748921684705,2025-06-03 11:34:44,BTC-6JUN25-100000-C,105512.79,105453.35,41.92,,,0.0525,0.0555,0.054,0.05401035,0.0585,2.1,0.0,1748921682445
1748921684705,2025-06-03 11:34:44,BTC-6JUN25-104000-P,105512.79,105453.35,37.03,,,0.0075,0.008,0.00775,0.00759897,0.0065,755.8,209.3,1748921682445
1748921684705,2025-06-03 11:34:44,BTC-27MAR26-105000-C,111426.35,105453.35,48.98,,,0.199,0.2025,0.20075,0.20030396,0.204,153.5,1.7,1748921682445
1748921684705,2025-06-03 11:34:44,BTC-27MAR26-40000-P,111426.35,105453.35,63.5,,,0.0043,0.005,0.00465,0.00489085,0.0048,126.8,2.2,1748921682445
1748921684705,2025-06-03 11:34:44,BTC-26DEC25-280000-P,109690.35,105453.35,57.73,,,0.0001,,,1.55604758,,0.0,0.0,1748921682445
1748921684705,2025-06-03 11:34:44,BTC-4JUN25-122000-P,105477.81782655609,105453.35,64.75,,,0.124,0.175,0.1495,0.15664166,,0.0,0.0,1748921682445
1748921684705,2025-06-03 11:34:44,BTC-4JUN25-118000-P,105477.81782655609,105453.35,55.41,,,0.11,0.1325,0.12125,0.1187202,,0.0,0.0,1748921682445
1748921684705,2025-06-03 11:34:44,BTC-13JUN25-113000-C,105652.16,105453.35,39.07,,,0.005,0.006,0.0055,0.00534394,0.0055,284.0,112.9,1748921682445
1748921684705,2025-06-03 11:34:44,BTC-27JUN25-170000-P,105929.51,105453.35,69.33,,,0.6,0.6065,0.60325,0.60496516,1.0005,27.5,0.0,1748921682445
1748921684705,2025-06-03 11:34:44,BTC-29AUG25-60000-C,107283.23999999999,105453.35,62.7,,,0.44,0.4455,0.44275,0.44326778,0.4485,0.1,0.0,1748921682445
1748921684705,2025-06-03 11:34:44,BTC-26SEP25-130000-C,107893.9,105453.35,46.78,,,0.04,0.041,0.0405,0.04039665,0.041,2351.5,684.9,1748921682445
1748921684705,2025-06-03 11:34:44,BTC-6JUN25-106000-P,105512.79,105453.35,36.0,,,0.0155,0.0165,0.016,0.01573687,0.011,781.1,43.3,1748921682445
1748921684705,2025-06-03 11:34:44,BTC-5JUN25-120000-P,105495.30391327804,105453.35,55.8,,,0.129,0.1535,0.14125,0.13750995,,0.0,0.0,1748921682445
1748921684705,2025-06-03 11:34:44,BTC-20JUN25-90000-C,105790.89,105453.35,47.06,,,0.1505,0.159,0.15475,0.15154006,0.153,0.1,0.0,1748921682445
1748921684705,2025-06-03 11:34:44,BTC-27JUN25-97000-C,105925.75,105453.35,41.98,,,0.095,0.098,0.0965,0.09646057,0.0895,281.4,3.6,1748921682445
1748921684705,2025-06-03 11:34:44,BTC-26DEC25-20000-P,109694.11,105453.35,88.1,,,0.0003,0.0006,0.00045,0.00043401,0.0005,306.1,7.0,1748921682445
1748921684705,2025-06-03 11:34:44,BTC-4JUN25-94000-C,105477.81782655609,105453.35,64.45,,,0.1075,0.133,0.12025,0.10882541,,0.0,0.0,1748921682445
1748921684705,2025-06-03 11:34:44,BTC-25JUL25-104000-P,106519.79,105453.35,43.93,,,0.054,0.0545,0.05425,0.05421104,0.0535,317.2,25.7,1748921682445
1748921684705,2025-06-03 11:34:44,BTC-3JUN25-92000-P,105460.33173983413,105453.35,86.77,,,,0.0001,,0.0,0.0001,8.4,0.0,1748921682445
1748921684705,2025-06-03 11:34:44,BTC-27JUN25-84000-C,105925.75,105453.35,51.35,,,0.18,0.2105,0.19525,0.20897168,0.2145,0.4,0.0,1748921682445
1748921684705,2025-06-03 11:34:44,BTC-5JUN25-94000-C,105495.30391327804,105453.35,65.84,,,0.108,0.1315,0.11975,0.10915988,,0.0,0.0,1748921682445
1748921684705,2025-06-03 11:34:44,BTC-29AUG25-106000-C,107283.23999999999,105453.35,45.32,,,0.093,0.0945,0.09375,0.09377407,0.098,76.3,20.6,1748921682445
1748921684705,2025-06-03 11:34:44,BTC-20JUN25-111000-C,105801.075,105453.35,40.33,,,0.016,0.017,0.0165,0.01639792,0.017,75.6,8.0,1748921682445
1748921684705,2025-06-03 11:34:44,BTC-29AUG25-130000-C,107293.32333333333,105453.35,46.23,,,0.027,0.028,0.0275,0.02724717,0.026,14.6,1.5,1748921682445
1748921684705,2025-06-03 11:34:44,BTC-6JUN25-90000-C,105512.79,105453.35,72.15,,,0.146,0.1485,0.14725,0.14747959,0.145,152.6,0.0,1748921682445
1748921684705,2025-06-03 11:34:44,BTC-26DEC25-340000-P,109694.11,105453.35,61.18,,,,,,2.10104185,,0.0,0.0,1748921682445
1748921684705,2025-06-03 11:34:44,BTC-13JUN25-120000-C,105652.16,105453.35,42.64,,,0.0011,0.0013,0.0012,0.00112691,0.0012,603.1,6.1,1748921682445
1748921684705,2025-06-03 11:34:44,BTC-27MAR26-180000-C,111436.13,105453.35,51.07,,,0.0435,0.0455,0.0445,0.04441492,0.044,60.1,1.8,1748921682445
1748921684705,2025-06-03 11:34:44,BTC-3JUN25-101000-P,105460.33173983413,105453.35,46.15,,,,0.0002,,3e-08,0.0001,24.8,19.6,1748921682445
1748921684705,2025-06-03 11:34:44,BTC-20JUN25-107000-C,105801.075,105453.35,40.09,,,0.029,0.03,0.0295,0.02946976,0.0305,229.4,5.8,1748921682445
1748921684705,2025-06-03 11:34:44,BTC-25JUL25-75000-P,106529.57,105453.35,55.39,,,0.0032,0.0034,0.0033,0.00338608,0.0034,385.0,3.4,1748921682445
1748921684705,2025-06-03 11:34:44,BTC-5JUN25-111000-C,105495.30391327804,105453.35,37.76,,,0.0004,0.0007,0.00055,0.00049468,0.0007,3.4,3.4,1748921682445
1748921684705,2025-06-03 11:34:44,BTC-26SEP25-220000-C,107893.9,105453.35,56.9,,,0.0019,0.0021,0.002,0.00203484,0.0019,572.0,19.2,1748921682445
1748921684705,2025-06-03 11:34:44,BTC-26SEP25-130000-P,107893.9,105453.35,46.78,,,0.2405,0.249,0.24475,0.24517048,0.2565,38.0,0.0,1748921682445
1748921684705,2025-06-03 11:34:44,BTC-3JUN25-102500-C,105460.33173983413,105453.35,43.82,,,0.021,0.038,0.0295,0.02807595,0.038,0.7,0.7,1748921682445
1748921684705,2025-06-03 11:34:44,BTC-29AUG25-110000-P,107316.46555555557,105453.35,45.35,,,0.1015,0.1035,0.1025,0.1025807,0.1085,6.4,0.0,1748921682445
1748921684705,2025-06-03 11:34:44,BTC-29AUG25-124000-C,107310.86111111111,105453.35,45.8,,,0.037,0.038,0.0375,0.03744418,0.053,0.2,0.0,1748921682445
1748921684705,2025-06-03 11:34:44,BTC-26SEP25-115000-P,107890.14,105453.35,46.08,,,0.1415,0.1435,0.1425,0.14243951,0.1285,45.9,0.0,1748921682445
1748921684705,2025-06-03 11:34:44,BTC-25JUL25-106000-P,106519.79,105453.35,43.91,,,0.0635,0.064,0.06375,0.0635445,0.0592,258.4,33.2,1748921682445
1748921684705,2025-06-03 11:34:44,BTC-13JUN25-104000-P,105652.16,105453.35,38.52,,,0.018,0.0185,0.01825,0.01829906,0.0155,139.4,23.2,1748921682445
1748921684705,2025-06-03 11:34:44,BTC-3JUN25-103500-P,105460.33173983413,105453.35,42.98,,,,0.0002,,9.413e-05,0.0001,51.2,59.7,1748921682445
1748921684705,2025-06-03 11:34:44,BTC-4JUN25-103000-P,105487.71324592718,105453.35,37.37,,,0.0012,0.0015,0.00135,0.00139585,0.0012,24.2,25.5,1748921682445
1748921684705,2025-06-03 11:34:44,BTC-6JUN25-114000-P,105512.79,105453.35,43.22,,,0.0795,0.082,0.08075,0.08055061,0.0897,4.1,2.0,1748921682445
1748921684705,2025-06-03 11:34:44,BTC-6JUN25-118000-P,105522.57,105453.35,49.78,,,0.11,0.132,0.121,0.1181297,,0.0,0.0,1748921682445
1748921684705,2025-06-03 11:34:44,BTC-27MAR26-40000-C,111436.13,105453.35,63.5,,,0.6445,0.648,0.64625,0.6459972,,0.0,0.0,1748921682445
1748921684705,2025-06-03 11:34:44,BTC-20JUN25-117000-P,105790.89,105453.35,41.21,,,0.0955,0.113,0.10425,0.11207655,,0.0,0.0,1748921682445
1748921684705,2025-06-03 11:34:44,BTC-5JUN25-107000-C,105495.30391327804,105453.35,34.92,,,0.005,0.0055,0.00525,0.0051796,0.004,0.8,0.8,1748921682445
1748921684705,2025-06-03 11:34:44,BTC-25JUL25-130000-P,106529.57,105453.35,45.78,,,0.1865,0.286,0.23625,0.23192171,,0.0,0.0,1748921682445
1748921684705,2025-06-03 11:34:44,BTC-26DEC25-130000-P,109690.35,105453.35,48.34,,,0.257,0.3115,0.28425,0.26662161,0.25,16.3,0.0,1748921682445
1748921684705,2025-06-03 11:34:44,BTC-27JUN25-80000-C,105925.75,105453.35,56.1,,,0.245,0.2475,0.24625,0.24608517,0.254,661.6,0.1,1748921682445
1748921684705,2025-06-03 11:34:44,BTC-6JUN25-145000-P,105522.57,105453.35,78.28,,,0.365,0.3765,0.37075,0.37380831,,0.0,0.0,1748921682445
1748921684705,2025-06-03 11:34:44,BTC-26SEP25-220000-P,107893.9,105453.35,56.9,,,,,,1.04088287,1.474,1.4,0.0,1748921682445
1748921684705,2025-06-03 11:34:44,BTC-29AUG25-116000-C,107310.86111111111,105453.35,45.54,,,0.057,0.0575,0.05725,0.05717473,0.0574,210.1,205.0,1748921682445
1748921684705,2025-06-03 11:34:44,BTC-29AUG25-126000-C,107316.46555555557,105453.35,45.95,,,0.0335,0.034,0.03375,0.03371761,0.035,2.4,1.0,1748921682446
1748921684705,2025-06-03 11:34:44,BTC-20JUN25-135000-P,105790.89,105453.35,49.38,,,0.267,0.321,0.294,0.27657762,,0.0,0.0,1748921682446
1748921684705,2025-06-03 11:34:44,BTC-27JUN25-50000-P,105925.75,105453.35,106.89,,,0.0001,0.0002,0.00015,0.00018082,0.0002,1101.9,0.0,1748921682446
1748921684705,2025-06-03 11:34:44,BTC-27JUN25-80000-P,105925.75,105453.35,56.1,,,0.0011,0.0014,0.00125,0.00123073,0.0013,3827.8,0.2,1748921682446
1748921684705,2025-06-03 11:34:44,BTC-27JUN25-60000-P,105925.75,105453.35,85.81,,,0.0002,0.0003,0.00025,0.00026304,0.0003,1179.6,0.0,1748921682446
1748921684705,2025-06-03 11:34:44,BTC-6JUN25-105000-P,105512.79,105453.35,36.47,,,0.011,0.0115,0.01125,0.01115166,0.011,577.7,114.9,1748921682446
