timestamp,datetime,instrument_name,underlying_price,forward_price,mark_iv,bid_iv,ask_iv,bid_price,ask_price,mid_price,mark_price,last_price,open_interest,volume,creation_timestamp
1748918019373,2025-06-03 10:33:39,BTC-26DEC25-400000-P,110448.13,106132.16,64.39,,,,,,2.62252101,3.73,0.0,0.0,1748918018496
1748918019373,2025-06-03 10:33:39,BTC-25JUL25-30000-C,107237.77,106132.16,119.78,,,0.7195,0.7215,0.7205,0.72043534,0.713,11.4,0.0,1748918018496
1748918019373,2025-06-03 10:33:39,BTC-26DEC25-50000-P,110448.13,106132.16,61.76,,,0.005,0.006,0.0055,0.00549924,0.0055,916.9,14.0,1748918018496
1748918019373,2025-06-03 10:33:39,BTC-13JUN25-111000-P,106361.57,106132.16,38.8,,,0.0515,0.055,0.05325,0.05375322,0.0715,37.6,10.0,1748918018496
1748918019373,2025-06-03 10:33:39,BTC-3JUN25-103500-C,106141.18876171448,106132.16,42.98,,,0.024,0.0265,0.02525,0.02491672,0.028,10.5,11.0,1748918018496
1748918019373,2025-06-03 10:33:39,BTC-5JUN25-92000-C,106194.12292057149,106132.16,68.23,,,0.129,0.139,0.134,0.13371588,,0.0,0.0,1748918018496
1748918019373,2025-06-03 10:33:39,BTC-6JUN25-118000-C,106220.59,106132.16,47.23,,,0.0001,0.0002,0.00015,0.00014055,0.0002,370.8,44.4,1748918018496
1748918019373,2025-06-03 10:33:39,BTC-5JUN25-114000-C,106194.12292057149,106132.16,42.59,,,0.0001,0.0003,0.0002,0.00020378,,0.0,0.0,1748918018496
1748918019373,2025-06-03 10:33:39,BTC-6JUN25-120000-P,106217.56,106132.16,53.72,,,0.1055,0.153,0.12925,0.12980102,0.109,0.1,0.0,1748918018496
1748918019373,2025-06-03 10:33:39,BTC-29AUG25-160000-P,108012.2588888889,106132.16,49.16,,,0.4335,0.552,0.49275,0.48753856,,0.0,0.0,1748918018496
1748918019373,2025-06-03 10:33:39,BTC-5JUN25-120000-C,106194.12292057149,106132.16,55.8,,,,0.0002,,3.469e-05,,0.0,0.0,1748918018496
1748918019373,2025-06-03 10:33:39,BTC-25JUL25-124000-P,107237.77,106132.16,45.0,,,0.1325,0.23,0.18125,0.17622114,,0.0,0.0,1748918018496
1748918019373,2025-06-03 10:33:39,BTC-26SEP25-100000-P,108631.85,106132.16,45.82,,,0.063,0.0645,0.06375,0.06361882,0.064,1118.4,312.9,1748918018496
1748918019373,2025-06-03 10:33:39,BTC-26DEC25-130000-C,110451.16,106132.16,48.33,,,0.083,0.0845,0.08375,0.08372889,0.0805,838.5,108.2,1748918018496
1748918019373,2025-06-03 10:33:39,BTC-25JUL25-94000-P,107237.77,106132.16,45.17,,,0.02,0.0205,0.02025,0.02017715,0.02,485.8,130.1,1748918018496
1748918019373,2025-06-03 10:33:39,BTC-26DEC25-150000-P,110448.13,106132.16,49.16,,,0.3455,0.4875,0.4165,0.40677845,0.4245,4.4,0.0,1748918018496
1748918019373,2025-06-03 10:33:39,BTC-20JUN25-135000-C,106502.375,106132.16,48.31,,,0.0004,0.0006,0.0005,0.00048682,0.0004,28.5,0.2,1748918018496
1748918019373,2025-06-03 10:33:39,BTC-29AUG25-85000-C,108012.2588888889,106132.16,47.92,,,0.228,0.231,0.2295,0.22955101,0.218,20.1,0.0,1748918018496
1748918019373,2025-06-03 10:33:39,BTC-4JUN25-111000-C,106167.65584114299,106132.16,38.43,,,0.0001,0.0003,0.0002,0.00019439,0.0002,27.1,15.2,1748918018496
1748918019373,2025-06-03 10:33:39,BTC-27MAR26-90000-C,112215.37,106132.16,49.21,,,0.2745,0.2795,0.277,0.27606923,0.268,93.0,0.6,1748918018496
1748918019373,2025-06-03 10:33:39,BTC-26SEP25-90000-P,108631.85,106132.16,46.72,,,0.0325,0.0335,0.033,0.03300621,0.0325,581.7,17.7,1748918018496
1748918019373,2025-06-03 10:33:39,BTC-27MAR26-85000-P,112215.37,106132.16,49.53,,,0.062,0.0635,0.06275,0.06249901,0.069,95.5,15.0,1748918018496
1748918019373,2025-06-03 10:33:39,BTC-27MAR26-50000-P,112215.37,106132.16,58.32,,,0.0085,0.0095,0.009,0.00923894,0.01,238.6,0.7,1748918018496
1748918019373,2025-06-03 10:33:39,BTC-5JUN25-105000-C,106194.12292057149,106132.16,35.29,,,0.017,0.0185,0.01775,0.01746226,0.0195,9.3,9.5,1748918018496
1748918019373,2025-06-03 10:33:39,BTC-27MAR26-20000-C,112215.37,106132.16,81.38,,,0.8215,0.824,0.82275,0.82270903,0.8205,5.3,0.0,1748918018496
1748918019373,2025-06-03 10:33:39,BTC-4JUN25-107000-P,106167.65584114299,106132.16,34.37,,,0.012,0.013,0.0125,0.01250413,0.011,1.8,1.8,1748918018496
1748918019373,2025-06-03 10:33:39,BTC-27JUN25-160000-P,106640.15,106132.16,62.26,,,0.498,0.5025,0.50025,0.50065664,0.4931,139.0,0.0,1748918018496
1748918019373,2025-06-03 10:33:39,BTC-27JUN25-200000-C,106640.15,106132.16,85.0,,,0.0001,0.0003,0.0002,0.00017817,0.0003,4027.1,0.0,1748918018496
1748918019373,2025-06-03 10:33:39,BTC-6JUN25-100000-P,106220.59,106132.16,43.61,,,0.0011,0.0012,0.00115,0.00123921,0.0012,1617.6,110.5,1748918018496
1748918019373,2025-06-03 10:33:39,BTC-4JUN25-112000-C,106167.65584114299,106132.16,39.34,,,,0.0002,,7.501e-05,0.0001,10.1,10.1,1748918018496
1748918019373,2025-06-03 10:33:39,BTC-26SEP25-240000-C,108631.85,106132.16,58.55,,,0.0012,0.0014,0.0013,0.00127928,0.0013,740.0,3.5,1748918018496
1748918019373,2025-06-03 10:33:39,BTC-25JUL25-160000-P,107237.77,106132.16,50.35,,,0.442,0.552,0.497,0.4934232,,0.0,0.0,1748918018496
1748918019373,2025-06-03 10:33:39,BTC-27MAR26-90000-P,112215.37,106132.16,49.21,,,0.077,0.079,0.078,0.07806559,0.0815,106.6,50.9,1748918018496
1748918019373,2025-06-03 10:33:39,BTC-13JUN25-90000-P,106361.57,106132.16,52.95,,,0.0008,0.0011,0.00095,0.00093556,0.001,221.4,25.0,1748918018496
1748918019373,2025-06-03 10:33:39,BTC-13JUN25-103000-P,106361.57,106132.16,38.92,,,0.0125,0.013,0.01275,0.01280125,0.012,80.6,18.5,1748918018496
1748918019373,2025-06-03 10:33:39,BTC-3JUN25-94000-P,106141.18876171448,106132.16,79.3,,,,0.0001,,0.0,0.0001,4.7,0.0,1748918018496
1748918019373,2025-06-03 10:33:39,BTC-25JUL25-86000-P,107237.77,106132.16,48.3,,,0.0085,0.009,0.00875,0.00900147,0.009,393.5,25.8,1748918018496
1748918019373,2025-06-03 10:33:39,BTC-3JUN25-108000-P,106141.18876171448,106132.16,31.97,,,0.012,0.027,0.0195,0.01755415,0.0345,0.1,0.4,1748918018496
1748918019373,2025-06-03 10:33:39,BTC-5JUN25-96000-P,106194.12292057149,106132.16,58.74,,,0.0001,0.0003,0.0002,0.00021314,0.0005,1.1,1.1,1748918018496
1748918019373,2025-06-03 10:33:39,BTC-25JUL25-60000-C,107234.74,106132.16,71.68,,,0.44,0.443,0.4415,0.44168699,0.4505,12.3,0.0,1748918018496
1748918019373,2025-06-03 10:33:39,BTC-3JUN25-114000-P,106141.18876171448,106132.16,51.71,,,0.067,0.102,0.0845,0.07404111,,0.0,0.0,1748918018496
1748918019373,2025-06-03 10:33:39,BTC-20JUN25-101000-C,106502.375,106132.16,40.67,,,0.065,0.0675,0.06625,0.0661623,0.058,1.0,1.0,1748918018496
1748918019373,2025-06-03 10:33:39,BTC-26SEP25-55000-P,108631.85,106132.16,63.54,,,0.0025,0.003,0.00275,0.00272504,0.003,455.1,0.0,1748918018496
1748918019373,2025-06-03 10:33:39,BTC-5JUN25-98000-C,106194.12292057149,106132.16,50.58,,,0.0705,0.0845,0.0775,0.07745651,,0.0,0.0,1748918018496
1748918019373,2025-06-03 10:33:39,BTC-4JUN25-104000-C,106167.65584114299,106132.16,36.29,,,0.021,0.024,0.0225,0.02221727,0.0225,10.1,5.9,1748918018496
1748918019373,2025-06-03 10:33:39,BTC-25JUL25-120000-C,107234.74,106132.16,44.62,,,0.0265,0.0275,0.027,0.02696185,0.0265,3188.9,48.7,1748918018496
1748918019373,2025-06-03 10:33:39,BTC-27MAR26-65000-C,112215.37,106132.16,53.29,,,0.441,0.446,0.4435,0.44372873,0.454,1.9,0.0,1748918018496
1748918019373,2025-06-03 10:33:39,BTC-20JUN25-96000-P,106502.375,106132.16,43.01,,,0.0055,0.0065,0.006,0.00595228,0.006,37.7,7.0,1748918018496
1748918019373,2025-06-03 10:33:39,BTC-3JUN25-99000-P,106141.18876171448,106132.16,52.33,,,,0.0001,,0.0,0.0001,46.3,23.5,1748918018496
1748918019373,2025-06-03 10:33:39,BTC-20JUN25-125000-C,106502.375,106132.16,42.73,,,0.0016,0.0019,0.00175,0.00172685,0.0017,54.8,1.3,1748918018496
1748918019373,2025-06-03 10:33:39,BTC-27JUN25-220000-C,106640.15,106132.16,96.22,,,0.0001,0.0003,0.0002,0.00017814,0.0001,2128.2,61.1,1748918018496
1748918019373,2025-06-03 10:33:39,BTC-27JUN25-200000-P,106640.15,106132.16,85.0,,,0.872,0.8785,0.87525,0.87555032,1.1,0.3,0.0,1748918018496
1748918019373,2025-06-03 10:33:39,BTC-26SEP25-85000-C,108628.82,106132.16,47.7,,,0.239,0.242,0.2405,0.24059817,0.238,471.7,0.5,1748918018496
1748918019373,2025-06-03 10:33:39,BTC-26DEC25-115000-C,110451.16,106132.16,47.92,,,0.1255,0.127,0.12625,0.12618537,0.124,285.1,1.0,1748918018496
1748918019373,2025-06-03 10:33:39,BTC-29AUG25-118000-P,108012.2588888889,106132.16,45.49,,,0.142,0.1485,0.14525,0.14605451,,0.0,0.0,1748918018496
1748918019373,2025-06-03 10:33:39,BTC-3JUN25-109000-P,106141.18876171448,106132.16,41.74,,,0.018,0.04,0.029,0.02695174,,0.0,0.0,1748918018496
1748918019373,2025-06-03 10:33:39,BTC-13JUN25-116000-C,106358.54,106132.16,39.77,,,0.003,0.0034,0.0032,0.0031442,0.0035,95.4,15.9,1748918018496
1748918019373,2025-06-03 10:33:39,BTC-13JUN25-108000-C,106361.57,106132.16,38.68,,,0.019,0.0195,0.01925,0.01906338,0.019,219.3,64.5,1748918018496
1748918019373,2025-06-03 10:33:39,BTC-27JUN25-115000-P,106640.15,106132.16,42.06,,,0.093,0.0955,0.09425,0.09450976,0.0923,317.2,12.0,1748918018496
1748918019373,2025-06-03 10:33:39,BTC-5JUN25-122000-C,106194.12292057149,106132.16,59.44,,,,0.0002,,1.976e-05,,0.0,0.0,1748918018496
1748918019373,2025-06-03 10:33:39,BTC-25JUL25-95000-C,107234.74,106132.16,44.9,,,0.135,0.1375,0.13625,0.1364313,0.125,1.5,0.3,1748918018496
1748918019373,2025-06-03 10:33:39,BTC-26DEC25-20000-C,110448.13,106132.16,88.4,,,0.8185,0.8205,0.8195,0.8193607,0.8265,20.6,0.0,1748918018496
1748918019373,2025-06-03 10:33:39,BTC-4JUN25-101000-C,106167.65584114299,106132.16,44.53,,,0.042,0.053,0.0475,0.04892978,0.051,0.1,0.1,1748918018496
1748918019373,2025-06-03 10:33:39,BTC-29AUG25-180000-C,108012.2588888889,106132.16,52.11,,,0.0026,0.0029,0.00275,0.00273792,0.0021,44.4,0.1,1748918018496
1748918019373,2025-06-03 10:33:39,BTC-27MAR26-70000-P,112215.37,106132.16,51.7,,,0.028,0.031,0.0295,0.02951388,0.029,236.9,1.9,1748918018496
1748918019373,2025-06-03 10:33:39,BTC-26SEP25-260000-C,108631.85,106132.16,60.88,,,0.0008,0.001,0.0009,0.00089325,0.0009,594.3,12.1,1748918018496
1748918019373,2025-06-03 10:33:39,BTC-26DEC25-160000-P,110448.13,106132.16,49.75,,,0.423,0.568,0.4955,0.48630044,0.4881,101.0,0.0,1748918018496
1748918019373,2025-06-03 10:33:39,BTC-20JUN25-107000-P,106502.375,106132.16,40.35,,,0.0365,0.0375,0.037,0.03742366,0.0355,11.2,0.5,1748918018497
1748918019373,2025-06-03 10:33:39,BTC-13JUN25-114000-C,106358.54,106132.16,39.47,,,0.005,0.0055,0.00525,0.00517979,0.005,299.5,30.3,1748918018497
1748918019373,2025-06-03 10:33:39,BTC-29AUG25-145000-C,108012.2588888889,106132.16,47.44,,,0.0125,0.0135,0.013,0.01297822,0.012,25.9,0.7,1748918018497
1748918019373,2025-06-03 10:33:39,BTC-27JUN25-45000-P,106640.15,106132.16,117.58,,,,0.0002,,0.0001259,0.0001,1135.9,0.0,1748918018497
1748918019373,2025-06-03 10:33:39,BTC-29AUG25-140000-C,108012.2588888889,106132.16,47.05,,,0.0165,0.0175,0.017,0.01692533,0.0165,115.7,28.3,1748918018497
1748918019373,2025-06-03 10:33:39,BTC-27MAR26-80000-P,112215.37,106132.16,50.09,,,0.0485,0.0505,0.0495,0.04943683,0.048,536.7,1.0,1748918018497
1748918019373,2025-06-03 10:33:39,BTC-26SEP25-170000-P,108631.85,106132.16,50.31,,,0.5155,0.6435,0.5795,0.57329937,0.968,2.2,0.0,1748918018497
1748918019373,2025-06-03 10:33:39,BTC-3JUN25-102000-P,106141.18876171448,106132.16,45.57,,,,0.0002,,6.3e-07,0.0001,47.7,28.1,1748918018497
1748918019373,2025-06-03 10:33:39,BTC-26DEC25-300000-P,110448.13,106132.16,58.95,,,,,,1.7190615,2.56,0.1,0.0,1748918018497
1748918019373,2025-06-03 10:33:39,BTC-20JUN25-100000-C,106502.375,106132.16,40.81,,,0.0695,0.0785,0.074,0.07310172,0.0772,1.0,0.0,1748918018497
1748918019373,2025-06-03 10:33:39,BTC-13JUN25-100000-C,106361.57,106132.16,40.06,,,0.0645,0.0675,0.066,0.06614355,0.057,10.3,0.1,1748918018497
1748918019373,2025-06-03 10:33:39,BTC-26DEC25-260000-P,110448.13,106132.16,56.88,,,,,,1.35936496,,0.0,0.0,1748918018497
1748918019373,2025-06-03 10:33:39,BTC-26DEC25-40000-P,110451.16,106132.16,68.84,,,0.0025,0.0032,0.00285,0.00284279,0.0028,283.3,15.0,1748918018497
1748918019373,2025-06-03 10:33:39,BTC-13JUN25-140000-P,106361.57,106132.16,63.16,,,0.31,0.327,0.3185,0.31637389,,0.0,0.0,1748918018497
1748918019373,2025-06-03 10:33:39,BTC-25JUL25-96000-P,107237.77,106132.16,44.75,,,0.0245,0.025,0.02475,0.02466137,0.0245,215.9,17.4,1748918018497
1748918019373,2025-06-03 10:33:39,BTC-13JUN25-107000-C,106361.57,106132.16,38.7,,,0.023,0.0235,0.02325,0.02304959,0.023,458.3,203.9,1748918018497
1748918019373,2025-06-03 10:33:39,BTC-20JUN25-85000-P,106502.375,106132.16,53.97,,,0.0011,0.0012,0.00115,0.00108844,0.0011,62.7,0.9,1748918018497
1748918019373,2025-06-03 10:33:39,BTC-3JUN25-106000-P,106141.18876171448,106132.16,28.38,,,0.0019,0.0024,0.00215,0.00220239,0.0022,23.0,25.4,1748918018497
1748918019373,2025-06-03 10:33:39,BTC-13JUN25-145000-P,106361.57,106132.16,69.19,,,0.3565,0.3775,0.367,0.36335803,,0.0,0.0,1748918018497
1748918019373,2025-06-03 10:33:39,BTC-27JUN25-82000-P,106640.15,106132.16,54.42,,,0.0014,0.0016,0.0015,0.00144893,0.0015,115.7,2.4,1748918018497
1748918019373,2025-06-03 10:33:39,BTC-25JUL25-126000-P,107237.77,106132.16,45.08,,,0.1475,0.246,0.19675,0.19192505,,0.0,0.0,1748918018497
1748918019373,2025-06-03 10:33:39,BTC-20JUN25-95000-P,106502.375,106132.16,43.96,,,0.0048,0.005,0.0049,0.00508893,0.0046,744.3,23.2,1748918018497
1748918019373,2025-06-03 10:33:39,BTC-20JUN25-108000-C,106502.375,106132.16,40.25,,,0.0285,0.029,0.02875,0.02853335,0.027,201.7,14.2,1748918018497
1748918019373,2025-06-03 10:33:39,BTC-26SEP25-75000-P,108631.85,106132.16,51.09,,,0.0105,0.0115,0.011,0.01099228,0.012,642.3,0.2,1748918018497
1748918019373,2025-06-03 10:33:39,BTC-3JUN25-102500-P,106141.18876171448,106132.16,43.82,,,,0.0002,,2e-06,0.0004,16.8,20.0,1748918018497
1748918019373,2025-06-03 10:33:39,BTC-26DEC25-140000-C,110448.13,106132.16,48.71,,,0.063,0.0645,0.06375,0.06373277,0.0613,1363.4,120.0,1748918018497
1748918019373,2025-06-03 10:33:39,BTC-20JUN25-118000-C,106502.375,106132.16,40.93,,,0.0055,0.006,0.00575,0.00577606,0.0055,65.2,16.9,1748918018497
1748918019373,2025-06-03 10:33:39,BTC-20JUN25-116000-C,106502.375,106132.16,40.71,,,0.008,0.0085,0.00825,0.00819999,0.0085,35.3,28.3,1748918018497
1748918019373,2025-06-03 10:33:39,BTC-13JUN25-124000-P,106361.57,106132.16,44.55,,,0.1605,0.193,0.17675,0.16635898,,0.0,0.0,1748918018497
1748918019373,2025-06-03 10:33:39,BTC-5JUN25-124000-C,106194.12292057149,106132.16,62.41,,,,0.0001,,1.049e-05,,0.0,0.0,1748918018497
1748918019373,2025-06-03 10:33:39,BTC-13JUN25-112000-C,106361.57,106132.16,38.99,,,0.008,0.0085,0.00825,0.00818098,0.009,210.5,6.9,1748918018497
1748918019373,2025-06-03 10:33:39,BTC-6JUN25-94000-C,106217.56,106132.16,60.19,,,0.114,0.1165,0.11525,0.11538927,0.108,1.6,0.0,1748918018497
1748918019373,2025-06-03 10:33:39,BTC-5JUN25-116000-C,106194.12292057149,106132.16,49.1,,,0.0001,0.0002,0.00015,0.0001454,0.0001,16.2,17.1,1748918018497
1748918019373,2025-06-03 10:33:39,BTC-29AUG25-126000-P,108012.2588888889,106132.16,45.88,,,0.188,0.2585,0.22325,0.20180839,,0.0,0.0,1748918018497
1748918019373,2025-06-03 10:33:39,BTC-20JUN25-112000-P,106502.375,106132.16,40.5,,,0.0625,0.0675,0.065,0.06753421,,0.0,0.0,1748918018497
1748918019373,2025-06-03 10:33:39,BTC-26SEP25-140000-C,108631.85,106132.16,47.45,,,0.027,0.028,0.0275,0.02748223,0.0275,2396.5,129.2,1748918018497
1748918019373,2025-06-03 10:33:39,BTC-27MAR26-340000-P,112215.37,106132.16,58.64,,,,,,2.035643,,0.0,0.0,1748918018498
1748918019373,2025-06-03 10:33:39,BTC-5JUN25-111000-P,106194.12292057149,106132.16,37.61,,,0.04,0.057,0.0485,0.0461224,,0.0,0.0,1748918018498
1748918019373,2025-06-03 10:33:39,BTC-3JUN25-111000-P,106141.18876171448,106132.16,45.8,,,0.038,0.0575,0.04775,0.04577698,0.063,0.1,0.1,1748918018498
1748918019373,2025-06-03 10:33:39,BTC-4JUN25-106000-C,106167.65584114299,106132.16,34.19,,,0.008,0.009,0.0085,0.00871513,0.0105,24.4,27.3,1748918018498
1748918019373,2025-06-03 10:33:39,BTC-25JUL25-92000-P,107237.77,106132.16,45.75,,,0.016,0.0165,0.01625,0.01647991,0.0165,685.7,332.0,1748918018499
1748918019373,2025-06-03 10:33:39,BTC-27JUN25-60000-C,106640.15,106132.16,86.54,,,0.4365,0.439,0.43775,0.43764813,0.4515,584.0,0.0,1748918018499
1748918019373,2025-06-03 10:33:39,BTC-5JUN25-108000-C,106194.12292057149,106132.16,35.24,,,0.0044,0.0049,0.00465,0.00458499,0.0055,19.5,20.7,1748918018499
1748918019373,2025-06-03 10:33:39,BTC-27MAR26-110000-P,112215.37,106132.16,48.93,,,0.1615,0.165,0.16325,0.16328207,0.1695,34.7,0.0,1748918018499
1748918019373,2025-06-03 10:33:39,BTC-25JUL25-110000-P,107234.74,106132.16,44.01,,,0.0805,0.0815,0.081,0.080815,0.0933,314.9,12.3,1748918018499
1748918019373,2025-06-03 10:33:39,BTC-4JUN25-120000-C,106167.65584114299,106132.16,59.89,,,,0.0001,,1.93e-06,,0.0,0.0,1748918018499
1748918019373,2025-06-03 10:33:39,BTC-13JUN25-85000-C,106361.57,106132.16,60.74,,,0.1995,0.207,0.20325,0.20131741,,0.0,0.0,1748918018499
1748918019373,2025-06-03 10:33:39,BTC-4JUN25-108000-C,106169.64388214129,106132.16,35.15,,,0.0021,0.0025,0.0023,0.00230067,0.003,40.2,33.8,1748918018499
1748918019373,2025-06-03 10:33:39,BTC-29AUG25-40000-C,108012.2588888889,106132.16,84.8,,,0.629,0.6315,0.63025,0.63035339,,0.0,0.0,1748918018499
1748918019373,2025-06-03 10:33:39,BTC-5JUN25-118000-C,106194.12292057149,106132.16,52.12,,,,0.0002,,6.487e-05,,0.0,0.0,1748918018499
1748918019373,2025-06-03 10:33:39,BTC-13JUN25-119000-C,106361.57,106132.16,40.66,,,0.0014,0.0016,0.0015,0.00148898,0.001,256.1,1.8,1748918018499
1748918019373,2025-06-03 10:33:39,BTC-13JUN25-118000-C,106358.54,106132.16,40.41,,,0.0018,0.0021,0.00195,0.0019256,0.0018,44.0,3.2,1748918018499
1748918019373,2025-06-03 10:33:39,BTC-6JUN25-122000-C,106217.56,106132.16,58.17,,,,0.0002,,0.00010647,0.0001,189.1,135.5,1748918018499
1748918019373,2025-06-03 10:33:39,BTC-25JUL25-75000-C,107237.77,106132.16,55.92,,,0.3025,0.3055,0.304,0.30395541,0.2891,20.0,0.0,1748918018499
1748918019373,2025-06-03 10:33:39,BTC-29AUG25-85000-P,108012.2588888889,106132.16,47.92,,,0.016,0.017,0.0165,0.01649872,0.0165,44.1,26.8,1748918018499
1748918019373,2025-06-03 10:33:39,BTC-25JUL25-94000-C,107237.77,106132.16,45.17,,,0.142,0.145,0.1435,0.14367026,0.132,227.1,0.5,1748918018499
1748918019373,2025-06-03 10:33:39,BTC-20JUN25-102000-C,106502.375,106132.16,40.28,,,0.059,0.061,0.06,0.05937818,0.0615,0.3,0.0,1748918018499
1748918019373,2025-06-03 10:33:39,BTC-13JUN25-113000-P,106361.57,106132.16,39.03,,,0.0645,0.0735,0.069,0.06880106,0.05,0.8,0.0,1748918018499
1748918019373,2025-06-03 10:33:39,BTC-27MAR26-70000-C,112215.37,106132.16,51.7,,,0.404,0.4085,0.40625,0.40573893,0.4,3.7,0.0,1748918018499
1748918019373,2025-06-03 10:33:39,BTC-27JUN25-125000-C,106640.15,106132.16,44.05,,,0.0045,0.0046,0.00455,0.0045068,0.0046,4646.5,65.7,1748918018499
1748918019373,2025-06-03 10:33:39,BTC-13JUN25-114000-P,106361.57,106132.16,39.47,,,0.0715,0.0785,0.075,0.07694428,0.0745,2.2,0.0,1748918018499
1748918019373,2025-06-03 10:33:39,BTC-13JUN25-110000-C,106358.54,106132.16,38.77,,,0.0125,0.013,0.01275,0.0126856,0.013,617.2,125.7,1748918018499
1748918019373,2025-06-03 10:33:39,BTC-5JUN25-98000-P,106194.12292057149,106132.16,50.58,,,0.0002,0.0004,0.0003,0.00029478,0.001,0.2,0.2,1748918018499
1748918019373,2025-06-03 10:33:39,BTC-27JUN25-140000-P,106640.15,106132.16,50.09,,,0.311,0.3155,0.31325,0.31369302,0.2714,243.9,0.0,1748918018499
1748918019373,2025-06-03 10:33:39,BTC-13JUN25-122000-P,106361.57,106132.16,42.89,,,0.1225,0.152,0.13725,0.14779803,,0.0,0.0,1748918018499
1748918019373,2025-06-03 10:33:39,BTC-26DEC25-80000-P,110448.13,106132.16,49.85,,,0.0335,0.0345,0.034,0.03403081,0.036,1494.7,0.5,1748918018499
1748918019373,2025-06-03 10:33:39,BTC-26DEC25-280000-C,110448.13,106132.16,57.78,,,0.0036,0.0042,0.0039,0.00390601,0.0042,112.7,0.3,1748918018499
1748918019373,2025-06-03 10:33:39,BTC-26DEC25-180000-C,110451.16,106132.16,50.99,,,0.0225,0.024,0.02325,0.02323199,0.023,1826.8,22.4,1748918018499
1748918019373,2025-06-03 10:33:39,BTC-25JUL25-122000-P,107237.77,106132.16,44.75,,,0.157,0.1645,0.16075,0.16075329,0.128,6.8,0.0,1748918018499
1748918019373,2025-06-03 10:33:39,BTC-3JUN25-107000-C,106141.18876171448,106132.16,31.55,,,0.0006,0.0007,0.00065,0.00062564,0.0007,267.1,264.2,1748918018499
1748918019373,2025-06-03 10:33:39,BTC-27JUN25-260000-C,106640.15,106132.16,113.27,,,0.0001,0.0002,0.00015,0.00014239,0.0002,661.9,0.0,1748918018499
1748918019373,2025-06-03 10:33:39,BTC-27MAR26-135000-C,112215.37,106132.16,49.54,,,0.1075,0.111,0.10925,0.10942146,0.1075,41.4,0.0,1748918018499
1748918019373,2025-06-03 10:33:39,BTC-27MAR26-115000-P,112215.37,106132.16,48.99,,,0.188,0.1915,0.18975,0.1897692,0.1798,29.5,0.0,1748918018499
1748918019373,2025-06-03 10:33:39,BTC-26DEC25-400000-C,110448.13,106132.16,64.39,,,0.0009,0.0013,0.0011,0.00108919,0.0013,418.0,0.0,1748918018499
1748918019373,2025-06-03 10:33:39,BTC-27JUN25-115000-C,106640.15,106132.16,42.06,,,0.016,0.0165,0.01625,0.01617077,0.0165,4219.9,51.8,1748918018499
1748918019373,2025-06-03 10:33:39,BTC-26SEP25-125000-P,108631.85,106132.16,46.47,,,0.199,0.206,0.2025,0.2026263,0.2205,3.5,0.0,1748918018499
1748918019373,2025-06-03 10:33:39,BTC-13JUN25-105000-C,106361.57,106132.16,38.55,,,0.0325,0.033,0.03275,0.03250903,0.033,168.8,46.4,1748918018499
1748918019373,2025-06-03 10:33:39,BTC-6JUN25-130000-P,106217.56,106132.16,71.46,,,0.2175,0.2625,0.24,0.22382729,,0.0,0.0,1748918018499
1748918019373,2025-06-03 10:33:39,BTC-27MAR26-190000-P,112215.37,106132.16,51.43,,,0.658,0.827,0.7425,0.73109556,,0.0,0.0,1748918018499
1748918019373,2025-06-03 10:33:39,BTC-25JUL25-112000-P,107237.77,106132.16,44.08,,,0.092,0.093,0.0925,0.09237537,0.1053,393.9,5.1,1748918018504
1748918019373,2025-06-03 10:33:39,BTC-25JUL25-108000-C,107234.74,106132.16,43.95,,,0.0625,0.0635,0.063,0.06301573,0.0644,368.1,89.7,1748918018504
1748918019373,2025-06-03 10:33:39,BTC-5JUN25-108000-P,106194.12292057149,106132.16,35.24,,,0.0195,0.0225,0.021,0.02159042,,0.0,0.0,1748918018504
1748918019373,2025-06-03 10:33:39,BTC-26SEP25-60000-C,108631.85,106132.16,59.58,,,0.45,0.453,0.4515,0.45146281,0.4685,26.3,0.0,1748918018504
1748918019373,2025-06-03 10:33:39,BTC-25JUL25-110000-C,107234.74,106132.16,44.01,,,0.055,0.0555,0.05525,0.05510048,0.0555,1104.2,43.9,1748918018504
1748918019373,2025-06-03 10:33:39,BTC-13JUN25-155000-P,106361.57,106132.16,73.55,,,0.45,0.505,0.4775,0.45726302,,0.0,0.0,1748918018504
1748918019373,2025-06-03 10:33:39,BTC-29AUG25-90000-P,108012.2588888889,106132.16,46.71,,,0.0245,0.0255,0.025,0.02500784,0.024,103.8,9.1,1748918018504
1748918019373,2025-06-03 10:33:39,BTC-26SEP25-100000-C,108628.82,106132.16,45.82,,,0.1425,0.144,0.14325,0.14312983,0.145,2432.4,1.2,1748918018504
1748918019373,2025-06-03 10:33:39,BTC-27JUN25-240000-P,106640.15,106132.16,106.21,,,1.246,1.2545,1.25025,1.250623,1.6845,35.3,0.0,1748918018504
1748918019373,2025-06-03 10:33:39,BTC-27MAR26-300000-C,112218.4,106132.16,56.84,,,0.0075,0.0095,0.0085,0.00864346,0.0105,108.4,0.0,1748918018504
1748918019373,2025-06-03 10:33:39,BTC-26DEC25-220000-C,110451.16,106132.16,53.71,,,0.01,0.0105,0.01025,0.0100914,0.0105,150.5,39.9,1748918018504
1748918019373,2025-06-03 10:33:39,BTC-27MAR26-220000-C,112215.37,106132.16,52.78,,,0.0225,0.024,0.02325,0.02327557,0.023,47.7,17.5,1748918018504
1748918019373,2025-06-03 10:33:39,BTC-6JUN25-99000-C,106217.56,106132.16,46.27,,,0.0675,0.0705,0.069,0.06896094,0.0719,2.1,0.0,1748918018504
1748918019373,2025-06-03 10:33:39,BTC-29AUG25-98000-P,108012.2588888889,106132.16,45.53,,,0.0455,0.0465,0.046,0.04606466,0.052,27.7,17.4,1748918018504
1748918019373,2025-06-03 10:33:39,BTC-27JUN25-105000-P,106640.15,106132.16,40.97,,,0.034,0.035,0.0345,0.03449837,0.033,1207.0,364.6,1748918018504
1748918019373,2025-06-03 10:33:39,BTC-26DEC25-120000-P,110451.16,106132.16,48.07,,,0.195,0.1985,0.19675,0.19664551,0.2105,143.7,0.0,1748918018504
1748918019373,2025-06-03 10:33:39,BTC-27MAR26-210000-C,112218.4,106132.16,52.33,,,0.0265,0.028,0.02725,0.02723077,0.026,38.0,21.9,1748918018504
1748918019373,2025-06-03 10:33:39,BTC-29AUG25-100000-P,108014.56555555556,106132.16,45.45,,,0.053,0.0535,0.05325,0.0531382,0.0635,74.4,0.0,1748918018504
1748918019373,2025-06-03 10:33:39,BTC-26DEC25-160000-C,110451.16,106132.16,49.75,,,0.037,0.0385,0.03775,0.03772771,0.0355,744.5,5.7,1748918018504
1748918019373,2025-06-03 10:33:39,BTC-27MAR26-30000-P,112218.4,106132.16,70.67,,,0.0018,0.0026,0.0022,0.00223347,0.0021,18.3,1.4,1748918018504
1748918019373,2025-06-03 10:33:39,BTC-27MAR26-300000-P,112215.37,106132.16,56.84,,,,,,1.68196468,,0.0,0.0,1748918018504
1748918019373,2025-06-03 10:33:39,BTC-26DEC25-260000-C,110451.16,106132.16,56.88,,,0.005,0.0055,0.00525,0.00543428,0.005,176.7,2.4,1748918018504
1748918019373,2025-06-03 10:33:39,BTC-29AUG25-98000-C,108012.2588888889,106132.16,45.53,,,0.1375,0.14,0.13875,0.13876023,0.145,1.0,0.0,1748918018504
1748918019373,2025-06-03 10:33:39,BTC-26DEC25-90000-C,110448.13,106132.16,48.5,,,0.242,0.246,0.244,0.24370154,0.2585,1129.2,0.0,1748918018504
1748918019373,2025-06-03 10:33:39,BTC-27JUN25-92000-P,106640.15,106132.16,45.15,,,0.005,0.0055,0.00525,0.00523535,0.005,1887.3,131.9,1748918018504
1748918019373,2025-06-03 10:33:39,BTC-25JUL25-105000-P,107234.74,106132.16,43.92,,,0.055,0.056,0.0555,0.05559296,0.055,352.2,110.4,1748918018504
1748918019373,2025-06-03 10:33:39,BTC-20JUN25-114000-P,106502.375,106132.16,40.52,,,0.075,0.092,0.0835,0.08187414,,0.0,0.0,1748918018504
1748918019373,2025-06-03 10:33:39,BTC-20JUN25-109000-P,106502.375,106132.16,40.35,,,0.0475,0.0485,0.048,0.04832141,0.047,11.4,1.0,1748918018504
1748918019373,2025-06-03 10:33:39,BTC-5JUN25-124000-P,106194.12292057149,106132.16,62.41,,,0.162,0.177,0.1695,0.1676834,,0.0,0.0,1748918018504
1748918019373,2025-06-03 10:33:39,BTC-20JUN25-102000-P,106502.375,106132.16,40.28,,,0.017,0.0175,0.01725,0.0171033,0.022,93.7,18.1,1748918018504
1748918019373,2025-06-03 10:33:39,BTC-26DEC25-65000-C,110448.13,106132.16,54.25,,,0.4235,0.427,0.42525,0.42554753,0.4495,0.9,0.0,1748918018504
1748918019373,2025-06-03 10:33:39,BTC-4JUN25-99000-P,106167.65584114299,106132.16,55.77,,,0.0001,0.0003,0.0002,0.00016981,0.0001,15.6,15.5,1748918018504
1748918019373,2025-06-03 10:33:39,BTC-27JUN25-250000-P,106640.15,106132.16,108.86,,,1.3385,1.3485,1.3435,1.34435756,1.5805,1.7,0.0,1748918018504
1748918019373,2025-06-03 10:33:39,BTC-20JUN25-140000-C,106502.375,106132.16,51.08,,,0.0002,0.0004,0.0003,0.00028406,0.0003,65.9,36.0,1748918018504
1748918019373,2025-06-03 10:33:39,BTC-27JUN25-90000-P,106640.15,106132.16,46.41,,,0.0037,0.004,0.00385,0.00385466,0.0041,3503.6,46.9,1748918018504
1748918019373,2025-06-03 10:33:39,BTC-26DEC25-105000-P,110451.16,106132.16,47.84,,,0.115,0.117,0.116,0.11583052,0.1155,268.5,102.1,1748918018504
1748918019373,2025-06-03 10:33:39,BTC-25JUL25-135000-P,107237.77,106132.16,46.05,,,0.221,0.322,0.2715,0.26729021,,0.0,0.0,1748918018504
1748918019373,2025-06-03 10:33:39,BTC-26SEP25-190000-P,108631.85,106132.16,52.82,,,,,,0.75341824,1.1585,0.7,0.0,1748918018504
1748918019373,2025-06-03 10:33:39,BTC-26SEP25-115000-C,108631.85,106132.16,46.05,,,0.0785,0.0795,0.079,0.07920401,0.075,901.4,0.3,1748918018504
1748918019373,2025-06-03 10:33:39,BTC-25JUL25-50000-P,107237.77,106132.16,84.26,,,0.0005,0.0007,0.0006,0.00059631,0.0005,102.2,20.0,1748918018504
1748918019373,2025-06-03 10:33:39,BTC-26DEC25-85000-P,110451.16,106132.16,49.08,,,0.0445,0.0455,0.045,0.0450187,0.049,1076.4,0.0,1748918018504
1748918019373,2025-06-03 10:33:39,BTC-26SEP25-200000-C,108631.85,106132.16,54.33,,,0.0034,0.0035,0.00345,0.00349232,0.0033,2828.2,110.5,1748918018504
1748918019373,2025-06-03 10:33:39,BTC-5JUN25-96000-C,106194.12292057149,106132.16,58.74,,,0.091,0.1045,0.09775,0.09620831,,0.0,0.0,1748918018504
1748918019373,2025-06-03 10:33:39,BTC-3JUN25-99000-C,106141.18876171448,106132.16,52.33,,,0.0605,0.075,0.06775,0.06728009,,0.0,0.0,1748918018504
1748918019373,2025-06-03 10:33:39,BTC-25JUL25-86000-C,107237.77,106132.16,48.3,,,0.2055,0.2085,0.207,0.20709091,0.1945,3.3,0.2,1748918018504
1748918019373,2025-06-03 10:33:39,BTC-27JUN25-280000-C,106640.15,106132.16,121.51,,,0.0001,0.0002,0.00015,0.00014241,0.0002,1556.7,0.0,1748918018504
1748918019373,2025-06-03 10:33:39,BTC-5JUN25-109000-C,106196.20694107065,106132.16,35.78,,,0.0025,0.0029,0.0027,0.00267449,0.0027,10.8,10.8,1748918018504
1748918019373,2025-06-03 10:33:39,BTC-25JUL25-102000-P,107234.74,106132.16,44.01,,,0.043,0.0435,0.04325,0.04318393,0.05,310.2,32.4,1748918018504
1748918019373,2025-06-03 10:33:39,BTC-27MAR26-115000-C,112215.37,106132.16,48.99,,,0.1635,0.1675,0.1655,0.16499607,0.158,134.0,0.4,1748918018504
1748918019373,2025-06-03 10:33:39,BTC-3JUN25-116000-P,106141.18876171448,106132.16,56.99,,,0.0725,0.1055,0.089,0.09288393,,0.0,0.0,1748918018504
1748918019373,2025-06-03 10:33:39,BTC-27MAR26-160000-P,112218.4,106132.16,50.34,,,0.4305,0.5675,0.499,0.4921863,,0.0,0.0,1748918018504
1748918019373,2025-06-03 10:33:39,BTC-29AUG25-114000-P,108012.2588888889,106132.16,45.45,,,0.12,0.1225,0.12125,0.12127515,0.12,0.2,0.0,1748918018504
1748918019373,2025-06-03 10:33:39,BTC-29AUG25-160000-C,108012.2588888889,106132.16,49.16,,,0.006,0.0065,0.00625,0.00622522,0.006,31.9,0.4,1748918018504
1748918019373,2025-06-03 10:33:39,BTC-27MAR26-105000-P,112215.37,106132.16,48.89,,,0.1375,0.14,0.13875,0.13869432,0.1485,39.6,0.6,1748918018504
1748918019373,2025-06-03 10:33:39,BTC-25JUL25-115000-C,107234.74,106132.16,44.23,,,0.0385,0.039,0.03875,0.03881299,0.04,1774.3,42.8,1748918018504
1748918019373,2025-06-03 10:33:39,BTC-13JUN25-116000-P,106361.57,106132.16,39.77,,,0.0845,0.105,0.09475,0.09370981,,0.0,0.0,1748918018504
1748918019373,2025-06-03 10:33:39,BTC-29AUG25-145000-P,108012.2588888889,106132.16,47.44,,,0.304,0.418,0.361,0.35541843,,0.0,0.0,1748918018504
1748918019373,2025-06-03 10:33:39,BTC-13JUN25-135000-C,106361.57,106132.16,56.73,,,0.0001,0.0004,0.00025,0.00020749,0.0003,88.7,12.3,1748918018504
1748918019373,2025-06-03 10:33:39,BTC-25JUL25-170000-C,107237.77,106132.16,53.12,,,0.0009,0.0011,0.001,0.00094271,0.0009,229.8,101.4,1748918018504
1748918019373,2025-06-03 10:33:39,BTC-25JUL25-150000-P,107237.77,106132.16,48.15,,,0.3525,0.4585,0.4055,0.40143627,,0.0,0.0,1748918018505
1748918019373,2025-06-03 10:33:39,BTC-26DEC25-75000-C,110448.13,106132.16,51.14,,,0.3445,0.348,0.34625,0.34671704,0.3715,20.6,0.0,1748918018505
1748918019373,2025-06-03 10:33:39,BTC-13JUN25-118000-P,106361.57,106132.16,40.41,,,0.0935,0.124,0.10875,0.11129291,0.097,0.2,0.0,1748918018505
1748918019373,2025-06-03 10:33:39,BTC-25JUL25-40000-P,107237.77,106132.16,95.89,,,0.0002,0.0004,0.0003,0.00021772,0.0004,82.1,0.0,1748918018505
1748918019373,2025-06-03 10:33:39,BTC-4JUN25-99000-C,106167.65584114299,106132.16,55.77,,,0.063,0.0745,0.06875,0.06768242,,0.0,0.0,1748918018505
1748918019373,2025-06-03 10:33:39,BTC-27JUN25-400000-P,106640.15,106132.16,134.68,,,2.7375,2.7595,2.7485,2.75075511,3.476,0.1,0.0,1748918018505
1748918019373,2025-06-03 10:33:39,BTC-20JUN25-145000-C,106502.375,106132.16,54.87,,,0.0001,0.0004,0.00025,0.00021074,0.0004,17.9,0.0,1748918018505
1748918019373,2025-06-03 10:33:39,BTC-29AUG25-124000-P,108012.2588888889,106132.16,45.68,,,0.176,0.214,0.195,0.18707105,,0.0,0.0,1748918018505
1748918019373,2025-06-03 10:33:39,BTC-26SEP25-150000-C,108631.85,106132.16,48.17,,,0.0175,0.0185,0.018,0.01802001,0.018,3018.7,15.0,1748918018505
1748918019373,2025-06-03 10:33:39,BTC-13JUN25-100000-P,106361.57,106132.16,40.06,,,0.006,0.0065,0.00625,0.00628352,0.006,573.6,63.8,1748918018505
1748918019373,2025-06-03 10:33:39,BTC-20JUN25-109000-C,106502.375,106132.16,40.35,,,0.0245,0.0255,0.025,0.02487006,0.026,115.0,16.3,1748918018505
1748918019373,2025-06-03 10:33:39,BTC-27MAR26-60000-P,112215.37,106132.16,54.54,,,0.016,0.018,0.017,0.01701702,0.018,82.3,1.4,1748918018505
1748918019373,2025-06-03 10:33:39,BTC-27MAR26-190000-C,112218.4,106132.16,51.43,,,0.037,0.039,0.038,0.03799212,0.0355,547.1,61.5,1748918018505
1748918019373,2025-06-03 10:33:39,BTC-6JUN25-111000-P,106217.56,106132.16,38.18,,,0.045,0.0485,0.04675,0.04689284,0.066,237.1,1.0,1748918018505
1748918019373,2025-06-03 10:33:39,BTC-20JUN25-112000-C,106502.375,106132.16,40.5,,,0.0155,0.016,0.01575,0.01591447,0.012,83.1,9.2,1748918018505
1748918019373,2025-06-03 10:33:39,BTC-27JUN25-95000-P,106640.15,106132.16,43.02,,,0.0075,0.0085,0.008,0.00801235,0.008,3034.6,354.2,1748918018505
1748918019373,2025-06-03 10:33:39,BTC-13JUN25-102000-C,106361.57,106132.16,39.17,,,0.049,0.056,0.0525,0.05120569,0.046,1.5,0.0,1748918018505
1748918019373,2025-06-03 10:33:39,BTC-27JUN25-102000-P,106640.15,106132.16,41.03,,,0.0225,0.0235,0.023,0.02305435,0.024,1576.2,161.1,1748918018505
1748918019373,2025-06-03 10:33:39,BTC-25JUL25-118000-P,107237.77,106132.16,44.46,,,0.1285,0.134,0.13125,0.13156099,0.149,23.0,0.0,1748918018505
1748918019373,2025-06-03 10:33:39,BTC-27JUN25-95000-C,106640.15,106132.16,43.02,,,0.116,0.1185,0.11725,0.11721058,0.105,2012.4,2.3,1748918018505
1748918019373,2025-06-03 10:33:39,BTC-26DEC25-240000-P,110448.13,106132.16,54.98,,,,,,1.1798749,1.2635,0.1,0.0,1748918018505
1748918019373,2025-06-03 10:33:39,BTC-6JUN25-115000-P,106217.56,106132.16,42.01,,,0.0815,0.0845,0.083,0.0829323,0.093,6.9,0.0,1748918018505
1748918019373,2025-06-03 10:33:39,BTC-26DEC25-230000-P,110448.13,106132.16,54.47,,,,,,1.09080087,,0.0,0.0,1748918018505
1748918019373,2025-06-03 10:33:39,BTC-6JUN25-109000-P,106217.56,106132.16,36.92,,,0.029,0.0325,0.03075,0.03077988,0.048,174.5,1.0,1748918018505
1748918019373,2025-06-03 10:33:39,BTC-3JUN25-104500-C,106141.18876171448,106132.16,36.02,,,0.015,0.0165,0.01575,0.01561086,0.0195,18.4,25.7,1748918018505
1748918019373,2025-06-03 10:33:39,BTC-13JUN25-115000-P,106361.57,106132.16,39.51,,,0.083,0.0865,0.08475,0.08517917,0.112,11.1,0.0,1748918018505
1748918019373,2025-06-03 10:33:39,BTC-27JUN25-88000-C,106640.15,106132.16,48.13,,,0.1765,0.179,0.17775,0.17777561,0.18,17.0,0.0,1748918018505
1748918019373,2025-06-03 10:33:39,BTC-4JUN25-96000-C,106167.65584114299,106132.16,61.35,,,0.0905,0.1045,0.0975,0.09579298,,0.0,0.0,1748918018505
1748918019373,2025-06-03 10:33:39,BTC-13JUN25-117000-C,106361.57,106132.16,40.05,,,0.0023,0.0027,0.0025,0.002458,0.0019,81.4,13.9,1748918018505
1748918019373,2025-06-03 10:33:39,BTC-20JUN25-100000-P,106502.375,106132.16,40.81,,,0.0115,0.0125,0.012,0.01204792,0.0145,115.3,27.5,1748918018505
1748918019373,2025-06-03 10:33:39,BTC-27MAR26-95000-C,112215.37,106132.16,49.08,,,0.248,0.2525,0.25025,0.24962316,0.2425,139.2,2.9,1748918018505
1748918019373,2025-06-03 10:33:39,BTC-27JUN25-190000-C,106640.15,106132.16,78.87,,,0.0001,0.0003,0.0002,0.00017819,0.0004,378.3,5.0,1748918018505
1748918019373,2025-06-03 10:33:39,BTC-27JUN25-75000-P,106640.15,106132.16,63.28,,,0.0007,0.0009,0.0008,0.00074762,0.0009,2066.4,1.2,1748918018505
1748918019373,2025-06-03 10:33:39,BTC-5JUN25-110000-C,106194.12292057149,106132.16,36.75,,,0.0014,0.0017,0.00155,0.00155012,0.002,2.3,3.3,1748918018505
1748918019373,2025-06-03 10:33:39,BTC-26SEP25-170000-C,108631.85,106132.16,50.31,,,0.008,0.009,0.0085,0.00846809,0.008,224.0,21.0,1748918018505
1748918019373,2025-06-03 10:33:39,BTC-13JUN25-145000-C,106361.57,106132.16,69.19,,,,0.0003,,0.00015507,0.0002,43.7,0.0,1748918018505
1748918019373,2025-06-03 10:33:39,BTC-25JUL25-40000-C,107237.77,106132.16,95.89,,,0.626,0.6285,0.62725,0.62723606,0.632,12.0,0.0,1748918018505
1748918019373,2025-06-03 10:33:39,BTC-26DEC25-125000-P,110448.13,106132.16,48.21,,,0.226,0.23,0.228,0.2278212,0.244,2.2,0.0,1748918018505
1748918019373,2025-06-03 10:33:39,BTC-26SEP25-120000-P,108631.85,106132.16,46.28,,,0.1675,0.1705,0.169,0.16896834,0.189,159.1,0.0,1748918018505
1748918019373,2025-06-03 10:33:39,BTC-27JUN25-125000-P,106640.15,106132.16,44.05,,,0.1735,0.178,0.17575,0.17661439,0.178,17.0,0.0,1748918018505
1748918019373,2025-06-03 10:33:39,BTC-29AUG25-112000-C,108018.34111111112,106132.16,45.35,,,0.072,0.073,0.0725,0.07262721,0.074,0.4,0.0,1748918018505
1748918019373,2025-06-03 10:33:39,BTC-20JUN25-150000-P,106502.375,106132.16,60.06,,,0.401,0.4555,0.42825,0.40862838,,0.0,0.0,1748918018505
1748918019373,2025-06-03 10:33:39,BTC-27JUN25-101000-P,106640.15,106132.16,41.16,,,0.0195,0.0205,0.02,0.01998676,0.026,107.0,20.1,1748918018505
1748918019373,2025-06-03 10:33:39,BTC-13JUN25-110000-P,106361.57,106132.16,38.77,,,0.045,0.048,0.0465,0.04684963,0.0445,38.4,13.7,1748918018505
1748918019373,2025-06-03 10:33:39,BTC-27JUN25-108000-P,106640.15,106132.16,41.17,,,0.0485,0.0495,0.049,0.04921612,0.0475,2239.3,8.2,1748918018505
1748918019373,2025-06-03 10:33:39,BTC-27JUN25-100000-C,106640.15,106132.16,41.28,,,0.0785,0.081,0.07975,0.07952823,0.069,3547.1,0.6,1748918018505
1748918019373,2025-06-03 10:33:39,BTC-27JUN25-112000-P,106640.15,106132.16,41.61,,,0.072,0.0745,0.07325,0.07342016,0.0705,74.8,0.2,1748918018505
1748918019373,2025-06-03 10:33:39,BTC-29AUG25-60000-P,108012.2588888889,106132.16,63.15,,,0.0023,0.0027,0.0025,0.00249161,0.0023,6.0,0.9,1748918018505
1748918019373,2025-06-03 10:33:39,BTC-13JUN25-95000-P,106358.54,106132.16,44.93,,,0.0019,0.0022,0.00205,0.00207024,0.002,1373.9,103.9,1748918018505
1748918019373,2025-06-03 10:33:39,BTC-27MAR26-200000-C,112218.4,106132.16,51.71,,,0.031,0.032,0.0315,0.03168769,0.029,188.0,4.1,1748918018505
1748918019373,2025-06-03 10:33:39,BTC-27JUN25-45000-C,106640.15,106132.16,117.58,,,0.577,0.5795,0.57825,0.57816717,0.577,41.7,0.0,1748918018505
1748918019373,2025-06-03 10:33:39,BTC-29AUG25-95000-C,108012.2588888889,106132.16,45.91,,,0.156,0.1585,0.15725,0.15749973,,0.0,0.0,1748918018505
1748918019373,2025-06-03 10:33:39,BTC-5JUN25-102000-C,106194.12292057149,106132.16,39.17,,,0.035,0.0455,0.04025,0.04081083,0.044,0.4,0.4,1748918018505
1748918019373,2025-06-03 10:33:39,BTC-26DEC25-50000-C,110448.13,106132.16,61.76,,,0.551,0.5545,0.55275,0.55282027,0.56,10.6,0.0,1748918018505
1748918019373,2025-06-03 10:33:39,BTC-20JUN25-113000-P,106502.375,106132.16,40.51,,,0.0715,0.0755,0.0735,0.0745557,0.0731,200.0,0.0,1748918018505
1748918019373,2025-06-03 10:33:39,BTC-13JUN25-119000-P,106361.57,106132.16,40.66,,,0.1005,0.1335,0.117,0.12025554,0.1125,0.1,0.0,1748918018505
1748918019373,2025-06-03 10:33:39,BTC-13JUN25-105000-P,106361.57,106132.16,38.55,,,0.0195,0.02,0.01975,0.019656,0.019,95.4,61.2,1748918018505
1748918019373,2025-06-03 10:33:39,BTC-20JUN25-98000-C,106502.375,106132.16,41.81,,,0.0855,0.093,0.08925,0.08832279,0.0785,2.0,1.0,1748918018505
1748918019373,2025-06-03 10:33:39,BTC-6JUN25-80000-P,106217.56,106132.16,98.44,,,,0.0001,,2.445e-05,0.0001,469.7,6.1,1748918018505
1748918019373,2025-06-03 10:33:39,BTC-26DEC25-190000-C,110448.13,106132.16,51.56,,,0.018,0.019,0.0185,0.01840847,0.017,455.0,26.1,1748918018505
1748918019373,2025-06-03 10:33:39,BTC-5JUN25-105000-P,106194.12292057149,106132.16,35.29,,,0.006,0.0065,0.00625,0.00621755,0.006,5.8,7.1,1748918018505
1748918019373,2025-06-03 10:33:39,BTC-6JUN25-113000-C,106217.56,106132.16,40.21,,,0.0008,0.001,0.0009,0.00083343,0.001,249.2,7.8,1748918018505
1748918019373,2025-06-03 10:33:39,BTC-6JUN25-114000-C,106217.56,106132.16,41.01,,,0.0004,0.0007,0.00055,0.00052619,0.0007,712.6,3.6,1748918018505
1748918019373,2025-06-03 10:33:39,BTC-6JUN25-122000-P,106217.56,106132.16,58.17,,,0.122,0.1515,0.13675,0.14859524,,0.0,0.0,1748918018505
1748918019373,2025-06-03 10:33:39,BTC-26SEP25-40000-C,108631.85,106132.16,77.9,,,0.6315,0.634,0.63275,0.63280728,0.637,10.6,0.0,1748918018505
1748918019373,2025-06-03 10:33:39,BTC-27MAR26-320000-P,112218.4,106132.16,58.1,,,,,,1.85888355,,0.0,0.0,1748918018505
1748918019373,2025-06-03 10:33:39,BTC-27JUN25-55000-P,106640.15,106132.16,94.95,,,0.0001,0.0003,0.0002,0.00018085,0.0002,1710.4,11.0,1748918018505
1748918019373,2025-06-03 10:33:39,BTC-3JUN25-118000-P,106141.18876171448,106132.16,58.1,,,0.106,0.1245,0.11525,0.11172676,,0.0,0.0,1748918018505
1748918019373,2025-06-03 10:33:39,BTC-27JUN25-55000-C,106640.15,106132.16,94.95,,,0.4835,0.4855,0.4845,0.48445351,0.4785,41.1,0.0,1748918018505
1748918019373,2025-06-03 10:33:39,BTC-26DEC25-320000-P,110451.16,106132.16,59.9,,,,,,1.89943116,,0.0,0.0,1748918018505
1748918019373,2025-06-03 10:33:39,BTC-20JUN25-120000-P,106502.375,106132.16,41.16,,,0.1245,0.134,0.12925,0.13074872,0.1395,0.2,0.1,1748918018505
1748918019373,2025-06-03 10:33:39,BTC-29AUG25-118000-C,108012.2588888889,106132.16,45.49,,,0.053,0.054,0.0535,0.05358593,0.0545,47.7,0.0,1748918018505
1748918019373,2025-06-03 10:33:39,BTC-27JUN25-112000-C,106640.15,106132.16,41.61,,,0.023,0.0235,0.02325,0.02321176,0.024,528.7,136.9,1748918018505
1748918019373,2025-06-03 10:33:39,BTC-6JUN25-135000-C,106217.56,106132.16,71.96,,,,0.0001,,3.75e-06,0.0001,268.0,2.6,1748918018505
1748918019373,2025-06-03 10:33:39,BTC-6JUN25-120000-C,106217.56,106132.16,53.72,,,0.0001,0.0002,0.00015,0.00013994,0.0001,799.9,24.8,1748918018505
1748918019373,2025-06-03 10:33:39,BTC-27MAR26-210000-P,112218.4,106132.16,52.33,,,,,,0.89855562,,0.0,0.0,1748918018505
1748918019373,2025-06-03 10:33:39,BTC-6JUN25-110000-C,106217.56,106132.16,37.35,,,0.0028,0.0032,0.003,0.0030021,0.0029,1029.0,282.6,1748918018506
1748918019373,2025-06-03 10:33:39,BTC-4JUN25-116000-P,106167.65584114299,106132.16,51.68,,,0.0725,0.1115,0.092,0.09262542,,0.0,0.0,1748918018506
1748918019373,2025-06-03 10:33:39,BTC-4JUN25-94000-P,106167.65584114299,106132.16,64.45,,,,0.0001,,5.24e-06,0.0001,8.2,6.5,1748918018506
1748918019373,2025-06-03 10:33:39,BTC-20JUN25-108000-P,106502.375,106132.16,40.25,,,0.042,0.0425,0.04225,0.04259525,0.041,208.6,0.4,1748918018506
1748918019373,2025-06-03 10:33:39,BTC-5JUN25-101000-P,106196.20694107065,106132.16,41.59,,,0.0008,0.001,0.0009,0.00083972,0.001,1.7,1.9,1748918018506
1748918019373,2025-06-03 10:33:39,BTC-29AUG25-106000-P,108014.56555555556,106132.16,45.28,,,0.078,0.079,0.0785,0.0782995,0.0875,181.6,127.1,1748918018506
1748918019373,2025-06-03 10:33:39,BTC-26DEC25-110000-P,110451.16,106132.16,47.84,,,0.1395,0.1415,0.1405,0.14036543,0.1485,227.3,0.0,1748918018506
1748918019373,2025-06-03 10:33:39,BTC-6JUN25-96000-P,106217.56,106132.16,54.33,,,0.0003,0.0005,0.0004,0.00043298,0.0006,347.7,76.2,1748918018506
1748918019373,2025-06-03 10:33:39,BTC-20JUN25-106000-P,106502.375,106132.16,40.07,,,0.0315,0.0325,0.032,0.03232824,0.0315,18.7,4.6,1748918018506
1748918019373,2025-06-03 10:33:39,BTC-29AUG25-122000-P,108012.2588888889,106132.16,45.64,,,0.1695,0.1755,0.1725,0.17299129,,0.0,0.0,1748918018506
1748918019373,2025-06-03 10:33:39,BTC-4JUN25-111000-P,106167.65584114299,106132.16,38.43,,,0.04,0.058,0.049,0.04571055,,0.0,0.0,1748918018506
1748918019373,2025-06-03 10:33:39,BTC-4JUN25-105000-C,106167.65584114299,106132.16,34.88,,,0.013,0.0165,0.01475,0.01469109,0.0149,21.1,23.4,1748918018506
1748918019373,2025-06-03 10:33:39,BTC-20JUN25-113000-C,106502.375,106132.16,40.51,,,0.013,0.014,0.0135,0.0135465,0.011,63.4,22.6,1748918018506
1748918019373,2025-06-03 10:33:39,BTC-3JUN25-110000-P,106141.18876171448,106132.16,45.78,,,0.03,0.0495,0.03975,0.03635822,,0.0,0.0,1748918018506
1748918019373,2025-06-03 10:33:39,BTC-27MAR26-340000-C,112215.37,106132.16,58.64,,,0.005,0.0065,0.00575,0.00587895,0.0065,15.1,0.0,1748918018506
1748918019373,2025-06-03 10:33:39,BTC-29AUG25-135000-C,108012.2588888889,106132.16,46.56,,,0.0215,0.0225,0.022,0.02193008,0.019,59.0,18.3,1748918018506
1748918019373,2025-06-03 10:33:39,BTC-3JUN25-120000-P,106141.18876171448,106132.16,61.26,,,0.1245,0.154,0.13925,0.13056959,,0.0,0.0,1748918018506
1748918019373,2025-06-03 10:33:39,BTC-5JUN25-112000-C,106194.12292057149,106132.16,38.93,,,0.0004,0.0007,0.00055,0.00050379,0.0004,13.7,13.7,1748918018506
1748918019373,2025-06-03 10:33:39,BTC-4JUN25-110000-C,106167.65584114299,106132.16,37.87,,,0.0004,0.0006,0.0005,0.00050049,0.0005,57.1,60.9,1748918018506
1748918019373,2025-06-03 10:33:39,BTC-20JUN25-130000-C,106502.375,106132.16,45.08,,,0.0007,0.001,0.00085,0.00083367,0.0007,55.3,2.0,1748918018506
1748918019373,2025-06-03 10:33:39,BTC-6JUN25-96000-C,106217.56,106132.16,54.33,,,0.0955,0.098,0.09675,0.09670411,0.091,1.6,0.0,1748918018506
1748918019373,2025-06-03 10:33:39,BTC-5JUN25-116000-P,106194.12292057149,106132.16,49.1,,,0.0725,0.105,0.08875,0.09248457,,0.0,0.0,1748918018506
1748918019373,2025-06-03 10:33:39,BTC-25JUL25-160000-C,107237.77,106132.16,50.35,,,0.0014,0.0017,0.00155,0.00149658,0.0015,231.4,4.7,1748918018506
1748918019373,2025-06-03 10:33:39,BTC-27JUN25-40000-C,106640.15,106132.16,120.68,,,0.624,0.626,0.625,0.6249669,0.6316,81.9,0.0,1748918018506
1748918019373,2025-06-03 10:33:39,BTC-6JUN25-113000-P,106217.56,106132.16,40.21,,,0.063,0.066,0.0645,0.06459762,0.0445,13.9,0.0,1748918018506
1748918019373,2025-06-03 10:33:39,BTC-4JUN25-112000-P,106167.65584114299,106132.16,39.34,,,0.049,0.0675,0.05825,0.05501024,,0.0,0.0,1748918018506
1748918019373,2025-06-03 10:33:39,BTC-4JUN25-110000-P,106167.65584114299,106132.16,37.87,,,0.0305,0.0475,0.039,0.03659759,,0.0,0.0,1748918018506
1748918019373,2025-06-03 10:33:39,BTC-25JUL25-84000-P,107237.77,106132.16,49.56,,,0.007,0.0075,0.00725,0.00748056,0.0075,272.9,8.6,1748918018506
1748918019373,2025-06-03 10:33:39,BTC-6JUN25-119000-C,106217.56,106132.16,50.48,,,0.0001,0.0002,0.00015,0.00013981,0.0001,206.1,4.3,1748918018506
1748918019373,2025-06-03 10:33:39,BTC-27JUN25-170000-C,106640.15,106132.16,68.52,,,0.0002,0.0004,0.0003,0.00028498,0.0003,1365.0,0.4,1748918018506
1748918019373,2025-06-03 10:33:39,BTC-25JUL25-106000-C,107237.77,106132.16,43.91,,,0.0715,0.072,0.07175,0.07175768,0.0715,305.8,16.4,1748918018506
1748918019373,2025-06-03 10:33:39,BTC-13JUN25-150000-P,106361.57,106132.16,72.79,,,0.4035,0.425,0.41425,0.41031233,,0.0,0.0,1748918018506
1748918019373,2025-06-03 10:33:39,BTC-27MAR26-75000-P,112218.4,106132.16,50.82,,,0.0375,0.0395,0.0385,0.03852652,0.037,123.9,46.7,1748918018506
1748918019373,2025-06-03 10:33:39,BTC-13JUN25-122000-C,106361.57,106132.16,42.89,,,0.0007,0.001,0.00085,0.00082727,0.0007,392.6,2.0,1748918018506
1748918019373,2025-06-03 10:33:39,BTC-13JUN25-88000-P,106361.57,106132.16,55.53,,,0.0005,0.0008,0.00065,0.00064477,0.0007,43.0,5.3,1748918018506
1748918019373,2025-06-03 10:33:39,BTC-26SEP25-280000-C,108631.85,106132.16,62.89,,,0.0005,0.0008,0.00065,0.00063496,0.0011,1167.5,0.0,1748918018506
1748918019373,2025-06-03 10:33:39,BTC-27JUN25-75000-C,106640.15,106132.16,63.28,,,0.2965,0.2985,0.2975,0.29748307,0.283,570.4,0.1,1748918018506
1748918019373,2025-06-03 10:33:39,BTC-20JUN25-116000-P,106502.375,106132.16,40.71,,,0.0905,0.124,0.10725,0.09737758,,0.0,0.0,1748918018506
1748918019373,2025-06-03 10:33:39,BTC-26SEP25-400000-C,108631.85,106132.16,75.57,,,0.0001,0.0005,0.0003,0.0002381,0.0003,313.8,0.0,1748918018506
1748918019373,2025-06-03 10:33:39,BTC-26DEC25-320000-C,110448.13,106132.16,59.9,,,0.002,0.0024,0.0022,0.00228571,0.0025,119.3,0.2,1748918018506
1748918019373,2025-06-03 10:33:39,BTC-6JUN25-101000-P,106217.56,106132.16,41.44,,,0.0016,0.0019,0.00175,0.00175309,0.0016,472.1,85.3,1748918018506
1748918019373,2025-06-03 10:33:39,BTC-27JUN25-190000-P,106640.15,106132.16,78.87,,,0.777,0.7835,0.78025,0.78178172,1.2355,5.5,0.0,1748918018506
1748918019373,2025-06-03 10:33:39,BTC-29AUG25-70000-P,108012.2588888889,106132.16,55.69,,,0.0049,0.0055,0.0052,0.00514021,0.0049,93.5,37.6,1748918018506
1748918019373,2025-06-03 10:33:39,BTC-26SEP25-150000-P,108631.85,106132.16,48.17,,,0.3945,0.404,0.39925,0.39875349,0.4185,8.4,0.0,1748918018506
1748918019373,2025-06-03 10:33:39,BTC-27JUN25-110000-P,106640.15,106132.16,41.4,,,0.06,0.0615,0.06075,0.06073678,0.06,531.8,11.9,1748918018506
1748918019373,2025-06-03 10:33:39,BTC-29AUG25-180000-P,108012.2588888889,106132.16,52.11,,,,,,0.66921543,,0.0,0.0,1748918018506
1748918019373,2025-06-03 10:33:39,BTC-5JUN25-100000-P,106194.12292057149,106132.16,44.86,,,0.0005,0.0007,0.0006,0.00059897,0.0004,7.2,7.3,1748918018506
1748918019373,2025-06-03 10:33:39,BTC-3JUN25-110000-C,106141.18876171448,106132.16,45.78,,,,0.0001,,2.76e-06,0.0001,95.2,76.5,1748918018506
1748918019373,2025-06-03 10:33:39,BTC-29AUG25-114000-C,108012.2588888889,106132.16,45.45,,,0.0655,0.0665,0.066,0.0658394,0.0675,25.5,0.0,1748918018506
1748918019373,2025-06-03 10:33:39,BTC-20JUN25-130000-P,106502.375,106132.16,45.08,,,0.18,0.2245,0.20225,0.22146373,,0.0,0.0,1748918018506
1748918019373,2025-06-03 10:33:39,BTC-5JUN25-102000-P,106194.12292057149,106132.16,39.17,,,0.0012,0.0015,0.00135,0.00131596,0.0011,19.7,20.1,1748918018506
1748918019373,2025-06-03 10:33:39,BTC-25JUL25-90000-P,107237.77,106132.16,46.47,,,0.013,0.0135,0.01325,0.01345479,0.0135,605.9,116.6,1748918018506
1748918019373,2025-06-03 10:33:39,BTC-13JUN25-140000-C,106361.57,106132.16,63.16,,,0.0001,0.0003,0.0002,0.00017792,0.0001,71.6,1.1,1748918018506
1748918019373,2025-06-03 10:33:39,BTC-26SEP25-110000-P,108631.85,106132.16,45.94,,,0.109,0.1105,0.10975,0.10972371,0.1085,608.7,12.1,1748918018506
1748918019373,2025-06-03 10:33:39,BTC-4JUN25-98000-P,106167.65584114299,106132.16,55.79,,,,0.0002,,6.722e-05,0.0001,12.8,13.2,1748918018506
1748918019373,2025-06-03 10:33:39,BTC-6JUN25-98000-C,106217.56,106132.16,48.87,,,0.077,0.0795,0.07825,0.07814918,0.0735,16.8,0.0,1748918018506
1748918019373,2025-06-03 10:33:39,BTC-13JUN25-95000-C,106361.57,106132.16,44.93,,,0.1075,0.1105,0.109,0.10893515,0.099,10.0,0.0,1748918018506
1748918019373,2025-06-03 10:33:39,BTC-26SEP25-190000-C,108628.82,106132.16,52.82,,,0.0043,0.0045,0.0044,0.00448789,0.0045,489.5,25.6,1748918018506
1748918019373,2025-06-03 10:33:39,BTC-26SEP25-180000-P,108631.85,106132.16,51.41,,,0.6555,0.669,0.66225,0.66287639,1.085,8.1,0.0,1748918018506
1748918019373,2025-06-03 10:33:39,BTC-27MAR26-60000-C,112215.37,106132.16,54.54,,,0.48,0.485,0.4825,0.48235278,0.512,4.7,0.0,1748918018506
1748918019373,2025-06-03 10:33:39,BTC-5JUN25-114000-P,106194.12292057149,106132.16,42.59,,,0.068,0.09,0.079,0.07370952,,0.0,0.0,1748918018506
1748918019373,2025-06-03 10:33:39,BTC-6JUN25-97000-P,106217.56,106132.16,51.47,,,0.0004,0.0006,0.0005,0.00054151,0.0005,465.7,21.5,1748918018506
1748918019373,2025-06-03 10:33:39,BTC-27JUN25-130000-P,106640.15,106132.16,45.57,,,0.219,0.223,0.221,0.22143815,0.179,54.9,0.0,1748918018506
1748918019373,2025-06-03 10:33:39,BTC-26DEC25-100000-P,110448.13,106132.16,47.92,,,0.093,0.0945,0.09375,0.09392864,0.105,328.5,0.0,1748918018506
1748918019373,2025-06-03 10:33:39,BTC-27JUN25-180000-P,106640.15,106132.16,73.41,,,0.6845,0.6905,0.6875,0.6880424,0.709,20.2,0.0,1748918018506
1748918019373,2025-06-03 10:33:39,BTC-25JUL25-200000-C,107237.77,106132.16,61.38,,,0.0004,0.0005,0.00045,0.00035204,0.0005,381.8,1.0,1748918018506
1748918019373,2025-06-03 10:33:39,BTC-6JUN25-116000-P,106217.56,106132.16,44.53,,,0.073,0.105,0.089,0.09228696,0.097,0.1,0.0,1748918018506
1748918019373,2025-06-03 10:33:39,BTC-13JUN25-106000-C,106361.57,106132.16,38.54,,,0.0275,0.028,0.02775,0.02745026,0.0285,266.3,107.3,1748918018506
1748918019373,2025-06-03 10:33:39,BTC-29AUG25-104000-P,108014.56555555556,106132.16,45.29,,,0.069,0.0695,0.06925,0.06919523,0.0775,91.3,1.7,1748918018506
1748918019373,2025-06-03 10:33:39,BTC-13JUN25-109000-P,106361.57,106132.16,38.72,,,0.0395,0.041,0.04025,0.04038983,0.0495,42.8,1.0,1748918018506
1748918019373,2025-06-03 10:33:39,BTC-26SEP25-300000-P,108631.85,106132.16,66.77,,,,,,1.76210197,1.735,0.4,0.0,1748918018506
1748918019373,2025-06-03 10:33:39,BTC-27JUN25-82000-C,106640.15,106132.16,54.42,,,0.2315,0.2335,0.2325,0.23254635,0.2325,0.2,0.0,1748918018506
1748918019373,2025-06-03 10:33:39,BTC-27JUN25-70000-P,106643.18,106132.16,70.91,,,0.0005,0.0006,0.00055,0.00053263,0.0006,2510.6,0.2,1748918018507
1748918019373,2025-06-03 10:33:39,BTC-20JUN25-155000-C,106502.375,106132.16,64.0,,,0.0001,0.0003,0.0002,0.000178,0.0001,161.6,37.7,1748918018507
1748918019373,2025-06-03 10:33:39,BTC-29AUG25-90000-C,108012.2588888889,106132.16,46.71,,,0.19,0.193,0.1915,0.19176909,0.1804,14.0,0.0,1748918018507
1748918019373,2025-06-03 10:33:39,BTC-29AUG25-150000-C,108012.2588888889,106132.16,47.83,,,0.0095,0.0105,0.01,0.00996045,0.0095,53.1,5.2,1748918018507
1748918019373,2025-06-03 10:33:39,BTC-26DEC25-105000-C,110451.16,106132.16,47.84,,,0.1645,0.166,0.16525,0.16520467,0.166,934.0,10.0,1748918018507
1748918019373,2025-06-03 10:33:39,BTC-27MAR26-170000-C,112215.37,106132.16,50.72,,,0.054,0.056,0.055,0.05492492,0.0515,37.5,5.7,1748918018507
1748918019373,2025-06-03 10:33:39,BTC-26DEC25-70000-C,110448.13,106132.16,52.5,,,0.383,0.387,0.385,0.38528157,0.3495,13.5,0.0,1748918018507
1748918019373,2025-06-03 10:33:39,BTC-27MAR26-140000-C,112215.37,106132.16,49.71,,,0.098,0.1,0.099,0.09889215,0.0965,559.8,0.2,1748918018507
1748918019373,2025-06-03 10:33:39,BTC-29AUG25-150000-P,108012.2588888889,106132.16,47.83,,,0.3465,0.4615,0.404,0.39869171,,0.0,0.0,1748918018507
1748918019373,2025-06-03 10:33:39,BTC-6JUN25-111000-C,106217.56,106132.16,38.18,,,0.0018,0.0022,0.002,0.00195633,0.0021,781.2,41.3,1748918018507
1748918019373,2025-06-03 10:33:39,BTC-6JUN25-98000-P,106217.56,106132.16,48.87,,,0.0006,0.0008,0.0007,0.00070775,0.0007,1875.8,7.1,1748918018507
1748918019373,2025-06-03 10:33:39,BTC-6JUN25-94000-P,106217.56,106132.16,60.19,,,0.0002,0.0003,0.00025,0.00029046,0.0003,472.4,164.3,1748918018507
1748918019373,2025-06-03 10:33:39,BTC-6JUN25-97000-C,106217.56,106132.16,51.47,,,0.086,0.089,0.0875,0.0873988,0.0725,303.7,0.0,1748918018507
1748918019373,2025-06-03 10:33:39,BTC-25JUL25-105000-C,107237.77,106132.16,43.92,,,0.076,0.077,0.0765,0.07649925,0.078,95.4,20.3,1748918018507
1748918019373,2025-06-03 10:33:39,BTC-25JUL25-135000-C,107237.77,106132.16,46.05,,,0.008,0.0085,0.00825,0.00847712,0.0085,1831.2,218.4,1748918018507
1748918019373,2025-06-03 10:33:39,BTC-20JUN25-104000-C,106502.375,106132.16,40.01,,,0.047,0.0485,0.04775,0.04727513,0.0485,26.4,14.1,1748918018507
1748918019373,2025-06-03 10:33:39,BTC-6JUN25-115000-C,106220.59,106132.16,42.01,,,0.0003,0.0005,0.0004,0.00034042,0.0004,2492.4,34.0,1748918018507
1748918019373,2025-06-03 10:33:39,BTC-27MAR26-50000-C,112215.37,106132.16,58.32,,,0.5615,0.566,0.56375,0.56368541,0.5575,8.0,0.0,1748918018507
1748918019373,2025-06-03 10:33:39,BTC-13JUN25-125000-C,106361.57,106132.16,45.23,,,0.0004,0.0006,0.0005,0.00048565,0.0005,482.5,2.8,1748918018507
1748918019373,2025-06-03 10:33:39,BTC-13JUN25-125000-P,106361.57,106132.16,45.23,,,0.1695,0.18,0.17475,0.17566062,,0.0,0.0,1748918018507
1748918019373,2025-06-03 10:33:39,BTC-5JUN25-109000-P,106194.12292057149,106132.16,35.78,,,0.0275,0.0305,0.029,0.02909664,,0.0,0.0,1748918018507
1748918019373,2025-06-03 10:33:39,BTC-20JUN25-145000-P,106502.375,106132.16,54.87,,,0.316,0.3645,0.34025,0.36168273,,0.0,0.0,1748918018507
1748918019373,2025-06-03 10:33:39,BTC-26DEC25-190000-P,110448.13,106132.16,51.56,,,,0.825,,0.73858858,,0.0,0.0,1748918018507
1748918019373,2025-06-03 10:33:39,BTC-27MAR26-100000-P,112215.37,106132.16,48.94,,,0.115,0.1175,0.11625,0.11630185,0.1165,101.7,0.8,1748918018507
1748918019373,2025-06-03 10:33:39,BTC-6JUN25-116000-C,106220.59,106132.16,44.53,,,0.0002,0.0004,0.0003,0.00028124,0.0005,894.5,11.2,1748918018507
1748918019373,2025-06-03 10:33:39,BTC-20JUN25-103000-C,106502.375,106132.16,40.15,,,0.0525,0.0545,0.0535,0.05314202,0.05,5.3,4.7,1748918018507
1748918019373,2025-06-03 10:33:39,BTC-26SEP25-30000-P,108631.85,106132.16,89.58,,,0.0003,0.0006,0.00045,0.00043237,0.0005,389.8,0.0,1748918018507
1748918019373,2025-06-03 10:33:39,BTC-4JUN25-104000-P,106167.65584114299,106132.16,36.29,,,0.0016,0.002,0.0018,0.00179998,0.0015,44.7,24.4,1748918018507
1748918019373,2025-06-03 10:33:39,BTC-25JUL25-114000-P,107237.77,106132.16,44.17,,,0.1035,0.1065,0.105,0.10470651,0.1035,60.2,0.0,1748918018507
1748918019373,2025-06-03 10:33:39,BTC-29AUG25-125000-C,108012.2588888889,106132.16,45.73,,,0.0365,0.0375,0.037,0.03702472,0.0335,9.2,0.4,1748918018507
1748918019373,2025-06-03 10:33:39,BTC-5JUN25-103000-P,106194.12292057149,106132.16,37.2,,,0.002,0.0024,0.0022,0.00216087,0.0021,10.6,14.2,1748918018507
1748918019373,2025-06-03 10:33:39,BTC-27JUN25-150000-C,106640.15,106132.16,55.69,,,0.0004,0.0006,0.0005,0.00049432,0.0005,1577.2,5.7,1748918018507
1748918019373,2025-06-03 10:33:39,BTC-26DEC25-80000-C,110451.16,106132.16,49.85,,,0.308,0.3115,0.30975,0.30974445,0.321,252.8,0.0,1748918018507
1748918019373,2025-06-03 10:33:39,BTC-3JUN25-103000-P,106141.18876171448,106132.16,43.47,,,,0.0002,,8.82e-06,0.0001,175.7,144.1,1748918018507
1748918019373,2025-06-03 10:33:39,BTC-27JUN25-108000-C,106640.15,106132.16,41.17,,,0.036,0.037,0.0365,0.03651516,0.0375,1234.9,329.3,1748918018507
1748918019373,2025-06-03 10:33:39,BTC-26SEP25-55000-C,108631.85,106132.16,63.54,,,0.495,0.498,0.4965,0.4964561,0.4145,10.2,0.0,1748918018507
1748918019373,2025-06-03 10:33:39,BTC-27JUN25-88000-P,106640.15,106132.16,48.13,,,0.0028,0.003,0.0029,0.00293935,0.003,1460.0,11.8,1748918018507
1748918019373,2025-06-03 10:33:39,BTC-4JUN25-114000-C,106167.65584114299,106132.16,48.87,,,,0.0001,,5.657e-05,0.0001,0.4,0.4,1748918018507
1748918019373,2025-06-03 10:33:39,BTC-6JUN25-106000-C,106217.56,106132.16,36.62,,,0.0145,0.015,0.01475,0.01481253,0.015,809.7,47.5,1748918018507
1748918019373,2025-06-03 10:33:39,BTC-4JUN25-109000-P,106167.65584114299,106132.16,36.46,,,0.0235,0.039,0.03125,0.02777127,,0.0,0.0,1748918018507
1748918019373,2025-06-03 10:33:39,BTC-3JUN25-98000-C,106141.18876171448,106132.16,56.59,,,0.068,0.084,0.076,0.0767015,,0.0,0.0,1748918018507
1748918019373,2025-06-03 10:33:39,BTC-6JUN25-112000-P,106217.56,106132.16,38.95,,,0.0545,0.057,0.05575,0.05559686,0.081,36.7,0.0,1748918018507
1748918019373,2025-06-03 10:33:39,BTC-26DEC25-210000-C,110448.13,106132.16,53.06,,,0.012,0.013,0.0125,0.01227227,0.012,127.9,5.9,1748918018507
1748918019373,2025-06-03 10:33:39,BTC-5JUN25-103000-C,106194.12292057149,106132.16,37.2,,,0.031,0.034,0.0325,0.03223902,0.033,0.4,0.4,1748918018507
1748918019373,2025-06-03 10:33:39,BTC-29AUG25-122000-C,108012.2588888889,106132.16,45.64,,,0.043,0.044,0.0435,0.04348986,0.0424,103.2,100.0,1748918018507
1748918019373,2025-06-03 10:33:39,BTC-27JUN25-92000-C,106640.15,106132.16,45.15,,,0.141,0.1435,0.14225,0.14256417,0.1443,0.7,0.0,1748918018507
1748918019373,2025-06-03 10:33:39,BTC-4JUN25-100000-P,106167.65584114299,106132.16,49.79,,,0.0002,0.0003,0.00025,0.00019469,0.0001,12.8,12.3,1748918018507
1748918019373,2025-06-03 10:33:39,BTC-25JUL25-88000-P,107237.77,106132.16,47.32,,,0.0105,0.011,0.01075,0.01099127,0.011,1053.2,28.4,1748918018507
1748918019373,2025-06-03 10:33:39,BTC-13JUN25-98000-P,106358.54,106132.16,41.42,,,0.0038,0.0039,0.00385,0.00387693,0.0038,1099.8,98.8,1748918018507
1748918019373,2025-06-03 10:33:39,BTC-6JUN25-80000-C,106220.59,106132.16,98.44,,,0.246,0.248,0.247,0.24691705,0.2345,302.5,1.2,1748918018507
1748918019373,2025-06-03 10:33:39,BTC-13JUN25-135000-P,106361.57,106132.16,56.73,,,0.263,0.3115,0.28725,0.26939645,,0.0,0.0,1748918018507
1748918019373,2025-06-03 10:33:39,BTC-25JUL25-70000-P,107237.77,106132.16,60.43,,,0.0021,0.0023,0.0022,0.00221684,0.0022,207.4,2.8,1748918018507
1748918019373,2025-06-03 10:33:39,BTC-27JUN25-280000-P,106640.15,106132.16,121.51,,,1.6205,1.6305,1.6255,1.62566341,1.561,0.6,0.0,1748918018507
1748918019373,2025-06-03 10:33:39,BTC-25JUL25-120000-P,107237.77,106132.16,44.62,,,0.143,0.1485,0.14575,0.14590682,0.165,6.0,0.0,1748918018507
1748918019373,2025-06-03 10:33:39,BTC-26DEC25-115000-P,110451.16,106132.16,47.92,,,0.166,0.169,0.1675,0.16734702,0.1705,29.9,0.0,1748918018507
1748918019373,2025-06-03 10:33:39,BTC-13JUN25-121000-C,106361.57,106132.16,42.33,,,0.0009,0.0012,0.00105,0.00102728,0.0012,84.5,1.8,1748918018507
1748918019373,2025-06-03 10:33:39,BTC-13JUN25-109000-C,106361.57,106132.16,38.72,,,0.0155,0.016,0.01575,0.01563726,0.0158,435.5,239.8,1748918018507
1748918019373,2025-06-03 10:33:39,BTC-25JUL25-96000-C,107234.74,106132.16,44.75,,,0.128,0.1305,0.12925,0.1295054,0.1265,150.2,0.0,1748918018507
1748918019373,2025-06-03 10:33:39,BTC-25JUL25-80000-P,107237.77,106132.16,52.43,,,0.005,0.0055,0.00525,0.00525943,0.005,728.4,4.4,1748918018507
1748918019373,2025-06-03 10:33:39,BTC-25JUL25-150000-C,107237.77,106132.16,48.15,,,0.0027,0.0029,0.0028,0.00275506,0.0029,2209.2,5.5,1748918018507
1748918019373,2025-06-03 10:33:39,BTC-20JUN25-95000-C,106502.375,106132.16,43.96,,,0.109,0.1195,0.11425,0.11309004,,0.0,0.0,1748918018507
1748918019373,2025-06-03 10:33:39,BTC-5JUN25-101000-C,106194.12292057149,106132.16,41.59,,,0.043,0.056,0.0495,0.04975131,,0.0,0.0,1748918018507
1748918019373,2025-06-03 10:33:39,BTC-27JUN25-180000-C,106643.18,106132.16,73.41,,,0.0001,0.0003,0.0002,0.00020747,0.0004,1914.7,7.1,1748918018507
1748918019373,2025-06-03 10:33:39,BTC-3JUN25-108000-C,106141.18876171448,106132.16,31.97,,,,0.0001,,4.152e-05,0.0002,169.9,146.6,1748918018507
1748918019373,2025-06-03 10:33:39,BTC-27MAR26-20000-P,112215.37,106132.16,81.38,,,0.0007,0.0012,0.00095,0.00093044,0.0008,45.2,1.4,1748918018507
1748918019373,2025-06-03 10:33:39,BTC-6JUN25-108000-P,106217.56,106132.16,36.51,,,0.0225,0.025,0.02375,0.02372931,0.0395,271.4,2.7,1748918018507
1748918019373,2025-06-03 10:33:39,BTC-6JUN25-109000-C,106220.59,106132.16,36.92,,,0.0045,0.0049,0.0047,0.00467106,0.005,1166.9,26.0,1748918018507
1748918019373,2025-06-03 10:33:39,BTC-20JUN25-110000-C,106502.375,106132.16,40.39,,,0.021,0.022,0.0215,0.02153271,0.0215,454.3,29.2,1748918018507
1748918019373,2025-06-03 10:33:39,BTC-6JUN25-110000-P,106217.56,106132.16,37.35,,,0.037,0.04,0.0385,0.03853332,0.0575,118.5,5.3,1748918018507
1748918019373,2025-06-03 10:33:39,BTC-27JUN25-260000-P,106640.15,106132.16,113.27,,,1.431,1.4425,1.43675,1.43812618,,0.0,0.0,1748918018507
1748918019373,2025-06-03 10:33:39,BTC-29AUG25-96000-P,108012.2588888889,106132.16,45.81,,,0.0395,0.0405,0.04,0.03993653,0.0445,7.1,4.3,1748918018507
1748918019373,2025-06-03 10:33:39,BTC-26DEC25-200000-P,110448.13,106132.16,52.21,,,,,,0.82553636,1.49,0.2,0.0,1748918018507
1748918019373,2025-06-03 10:33:39,BTC-4JUN25-105000-P,106169.64388214129,106132.16,34.88,,,0.0034,0.0039,0.00365,0.00369287,0.003,7.5,5.3,1748918018507
1748918019373,2025-06-03 10:33:39,BTC-27JUN25-85000-C,106640.15,106132.16,50.53,,,0.2035,0.206,0.20475,0.2048786,0.1995,1899.1,0.1,1748918018507
1748918019373,2025-06-03 10:33:39,BTC-6JUN25-150000-P,106217.56,106132.16,82.89,,,0.369,0.4265,0.39775,0.41207645,,0.0,0.0,1748918018507
1748918019373,2025-06-03 10:33:39,BTC-25JUL25-88000-C,107234.74,106132.16,47.32,,,0.189,0.1915,0.19025,0.19043163,0.188,6.4,0.0,1748918018507
1748918019373,2025-06-03 10:33:39,BTC-29AUG25-110000-C,108014.56555555556,106132.16,45.32,,,0.08,0.0805,0.08025,0.08011886,0.0805,116.4,100.5,1748918018507
1748918019373,2025-06-03 10:33:39,BTC-26DEC25-40000-C,110448.13,106132.16,68.84,,,0.639,0.6425,0.64075,0.64069961,0.6365,9.0,0.0,1748918018507
1748918019373,2025-06-03 10:33:39,BTC-3JUN25-104000-C,106141.18876171448,106132.16,42.22,,,0.0195,0.022,0.02075,0.02027723,0.022,58.6,58.5,1748918018507
1748918019373,2025-06-03 10:33:39,BTC-29AUG25-104000-C,108012.2588888889,106132.16,45.29,,,0.106,0.1075,0.10675,0.10634156,0.1075,8.7,0.7,1748918018507
1748918019373,2025-06-03 10:33:39,BTC-4JUN25-101000-P,106167.65584114299,106132.16,44.53,,,0.0002,0.0003,0.00025,0.0002553,0.0002,24.9,26.3,1748918018507
1748918019373,2025-06-03 10:33:39,BTC-29AUG25-108000-C,108014.56555555556,106132.16,45.25,,,0.088,0.089,0.0885,0.08811429,0.081,29.2,2.8,1748918018507
1748918019373,2025-06-03 10:33:39,BTC-20JUN25-111000-P,106502.375,106132.16,40.4,,,0.0585,0.0615,0.06,0.06074845,0.0715,0.6,0.0,1748918018507
1748918019373,2025-06-03 10:33:39,BTC-29AUG25-170000-P,108012.2588888889,106132.16,50.65,,,0.522,0.644,0.583,0.57796237,,0.0,0.0,1748918018507
1748918019373,2025-06-03 10:33:39,BTC-26SEP25-50000-C,108631.85,106132.16,68.02,,,0.5405,0.543,0.54175,0.5417541,0.54,26.9,0.0,1748918018507
1748918019373,2025-06-03 10:33:39,BTC-20JUN25-155000-P,106502.375,106132.16,64.0,,,0.448,0.504,0.476,0.4555446,,0.0,0.0,1748918018507
1748918019373,2025-06-03 10:33:39,BTC-29AUG25-94000-P,108012.2588888889,106132.16,45.95,,,0.034,0.0345,0.03425,0.0341753,0.04,3.7,3.1,1748918018507
1748918019373,2025-06-03 10:33:39,BTC-27JUN25-120000-P,106640.15,106132.16,42.98,,,0.131,0.1355,0.13325,0.13384103,0.1536,427.9,0.0,1748918018507
1748918019373,2025-06-03 10:33:39,BTC-6JUN25-99000-P,106217.56,106132.16,46.27,,,0.0008,0.0011,0.00095,0.00093409,0.0009,683.9,13.8,1748918018507
1748918019373,2025-06-03 10:33:39,BTC-5JUN25-122000-P,106194.12292057149,106132.16,59.44,,,0.122,0.153,0.1375,0.14885923,,0.0,0.0,1748918018507
1748918019373,2025-06-03 10:33:39,BTC-25JUL25-140000-P,107237.77,106132.16,46.66,,,0.307,0.314,0.3105,0.31119467,0.339,11.1,0.0,1748918018507
1748918019373,2025-06-03 10:33:39,BTC-5JUN25-100000-C,106194.12292057149,106132.16,44.86,,,0.051,0.066,0.0585,0.05892727,,0.0,0.0,1748918018507
1748918019373,2025-06-03 10:33:39,BTC-3JUN25-122000-C,106141.18876171448,106132.16,64.32,,,,0.0001,,0.0,,0.0,0.0,1748918018507
1748918019373,2025-06-03 10:33:39,BTC-25JUL25-112000-C,107234.74,106132.16,44.08,,,0.0475,0.0485,0.048,0.04801311,0.0495,1906.8,107.4,1748918018507
1748918019373,2025-06-03 10:33:39,BTC-27JUN25-100000-P,106640.15,106132.16,41.28,,,0.017,0.0175,0.01725,0.0172143,0.0165,2681.7,78.3,1748918018507
1748918019373,2025-06-03 10:33:39,BTC-3JUN25-107000-P,106141.18876171448,106132.16,31.55,,,0.007,0.01,0.0085,0.00871686,0.0055,3.2,3.2,1748918018507
1748918019373,2025-06-03 10:33:39,BTC-20JUN25-104000-P,106502.375,106132.16,40.01,,,0.0235,0.024,0.02375,0.02377918,0.023,296.7,7.9,1748918018507
1748918019373,2025-06-03 10:33:39,BTC-20JUN25-106000-C,106502.375,106132.16,40.07,,,0.037,0.038,0.0375,0.03704528,0.038,193.1,78.0,1748918018507
1748918019373,2025-06-03 10:33:39,BTC-27JUN25-140000-C,106640.15,106132.16,50.09,,,0.0008,0.001,0.0009,0.00093252,0.0009,3370.7,6.8,1748918018507
1748918019373,2025-06-03 10:33:39,BTC-26DEC25-110000-C,110448.13,106132.16,47.84,,,0.1435,0.1455,0.1445,0.1444634,0.142,678.6,0.0,1748918018507
1748918019373,2025-06-03 10:33:39,BTC-4JUN25-102000-C,106167.65584114299,106132.16,41.11,,,0.0345,0.044,0.03925,0.03970348,0.043,0.3,0.3,1748918018507
1748918019373,2025-06-03 10:33:39,BTC-20JUN25-117000-C,106502.375,106132.16,40.93,,,0.0065,0.0075,0.007,0.0069488,0.0066,89.4,45.7,1748918018507
1748918019373,2025-06-03 10:33:39,BTC-13JUN25-117000-P,106361.57,106132.16,40.05,,,0.096,0.115,0.1055,0.10242177,,0.0,0.0,1748918018507
1748918019373,2025-06-03 10:33:39,BTC-27JUN25-20000-C,106640.15,106132.16,137.66,,,0.8115,0.8135,0.8125,0.81246282,0.8105,74.7,0.0,1748918018507
1748918019373,2025-06-03 10:33:39,BTC-26SEP25-95000-C,108631.85,106132.16,46.15,,,0.1705,0.173,0.17175,0.17201547,0.174,1077.3,0.2,1748918018507
1748918019373,2025-06-03 10:33:39,BTC-3JUN25-105500-P,106141.18876171448,106132.16,28.9,,,0.0006,0.001,0.0008,0.0008006,0.0006,68.1,77.4,1748918018507
1748918019373,2025-06-03 10:33:39,BTC-13JUN25-101000-C,106361.57,106132.16,39.29,,,0.0555,0.064,0.05975,0.05833533,0.0565,0.4,0.0,1748918018507
1748918019373,2025-06-03 10:33:39,BTC-20JUN25-122000-C,106502.375,106132.16,41.67,,,0.0027,0.0031,0.0029,0.00283425,0.0023,406.2,9.6,1748918018507
1748918019373,2025-06-03 10:33:39,BTC-20JUN25-90000-P,106502.375,106132.16,47.83,,,0.002,0.0022,0.0021,0.00211326,0.002,138.3,10.2,1748918018507
1748918019373,2025-06-03 10:33:39,BTC-25JUL25-125000-C,107237.77,106132.16,45.07,,,0.018,0.019,0.0185,0.01848486,0.018,1383.6,366.5,1748918018507
1748918019373,2025-06-03 10:33:39,BTC-26SEP25-95000-P,108631.85,106132.16,46.15,,,0.046,0.047,0.0465,0.04648001,0.0455,1179.3,22.9,1748918018507
1748918019373,2025-06-03 10:33:39,BTC-25JUL25-70000-C,107237.77,106132.16,60.43,,,0.348,0.351,0.3495,0.34949894,0.3357,35.0,0.0,1748918018507
1748918019373,2025-06-03 10:33:39,BTC-13JUN25-103000-C,106361.57,106132.16,38.92,,,0.0435,0.046,0.04475,0.04445708,0.0355,2.7,1.0,1748918018507
1748918019373,2025-06-03 10:33:39,BTC-13JUN25-90000-C,106361.57,106132.16,52.95,,,0.1535,0.1565,0.155,0.15480958,0.146,5.0,0.0,1748918018507
1748918019373,2025-06-03 10:33:39,BTC-13JUN25-98000-C,106361.57,106132.16,41.42,,,0.079,0.0905,0.08475,0.0825359,0.0675,0.3,0.0,1748918018507
1748918019373,2025-06-03 10:33:39,BTC-13JUN25-88000-C,106361.57,106132.16,55.53,,,0.1705,0.178,0.17425,0.1733216,,0.0,0.0,1748918018507
1748918019373,2025-06-03 10:33:39,BTC-6JUN25-103000-P,106220.59,106132.16,38.66,,,0.0038,0.0041,0.00395,0.00394428,0.0033,734.6,207.0,1748918018507
1748918019373,2025-06-03 10:33:39,BTC-26SEP25-120000-C,108631.85,106132.16,46.28,,,0.064,0.065,0.0645,0.06438155,0.065,1590.8,7.7,1748918018507
1748918019373,2025-06-03 10:33:39,BTC-4JUN25-120000-P,106167.65584114299,106132.16,59.89,,,0.1245,0.154,0.13925,0.13028967,,0.0,0.0,1748918018507
1748918019373,2025-06-03 10:33:39,BTC-6JUN25-117000-C,106220.59,106132.16,46.44,,,0.0002,0.0003,0.00025,0.00021624,0.0004,150.7,0.0,1748918018508
1748918019373,2025-06-03 10:33:39,BTC-4JUN25-103000-C,106167.65584114299,106132.16,38.19,,,0.0295,0.0325,0.031,0.03069364,0.033,1.1,1.0,1748918018508
1748918019373,2025-06-03 10:33:39,BTC-26SEP25-65000-C,108631.85,106132.16,56.16,,,0.4055,0.4085,0.407,0.406943,0.4235,39.2,0.0,1748918018508
1748918019373,2025-06-03 10:33:39,BTC-27JUN25-220000-P,106640.15,106132.16,96.22,,,1.059,1.0665,1.06275,1.0630875,1.529,14.8,0.0,1748918018508
1748918019373,2025-06-03 10:33:39,BTC-6JUN25-90000-P,106217.56,106132.16,74.14,,,0.0002,0.0003,0.00025,0.00018641,0.0002,402.0,11.3,1748918018508
1748918019373,2025-06-03 10:33:39,BTC-5JUN25-104000-P,106196.20694107065,106132.16,36.3,,,0.0035,0.0039,0.0037,0.00376617,0.0032,5.5,9.2,1748918018508
1748918019373,2025-06-03 10:33:39,BTC-26SEP25-90000-C,108631.85,106132.16,46.72,,,0.203,0.206,0.2045,0.20456612,0.202,1283.5,0.0,1748918018508
1748918019373,2025-06-03 10:33:39,BTC-26SEP25-280000-P,108631.85,106132.16,62.89,,,0.001,,,1.57800413,,0.0,0.0,1748918018508
1748918019373,2025-06-03 10:33:39,BTC-20JUN25-114000-C,106502.375,106132.16,40.52,,,0.011,0.012,0.0115,0.01147548,0.01,98.6,8.0,1748918018508
1748918019373,2025-06-03 10:33:39,BTC-6JUN25-105000-C,106220.59,106132.16,36.98,,,0.02,0.021,0.0205,0.02032483,0.021,637.4,124.6,1748918018508
1748918019373,2025-06-03 10:33:39,BTC-4JUN25-114000-P,106167.65584114299,106132.16,48.87,,,0.068,0.0795,0.07375,0.07382992,,0.0,0.0,1748918018508
1748918019373,2025-06-03 10:33:39,BTC-3JUN25-109000-C,106141.18876171448,106132.16,41.74,,,,0.0001,,1.77e-05,0.0001,89.9,79.7,1748918018508
1748918019373,2025-06-03 10:33:39,BTC-25JUL25-100000-C,107237.77,106132.16,44.2,,,0.1025,0.105,0.10375,0.10368448,0.1,480.5,4.3,1748918018508
1748918019373,2025-06-03 10:33:39,BTC-26SEP25-400000-P,108631.85,106132.16,75.57,,,,,,2.68219406,,0.0,0.0,1748918018508
1748918019373,2025-06-03 10:33:39,BTC-4JUN25-118000-C,106167.65584114299,106132.16,55.41,,,,0.0001,,4.48e-06,,0.0,0.0,1748918018508
1748918019373,2025-06-03 10:33:39,BTC-26SEP25-200000-P,108631.85,106132.16,54.33,,,,,,0.8444703,0.999,4.5,0.0,1748918018508
1748918019373,2025-06-03 10:33:39,BTC-26SEP25-210000-C,108631.85,106132.16,55.4,,,0.0025,0.0027,0.0026,0.00264128,0.0026,346.4,2.3,1748918018508
1748918019373,2025-06-03 10:33:39,BTC-27JUN25-300000-P,106643.18,106132.16,129.11,,,1.8045,1.819,1.81175,1.81320063,2.156,1.7,0.0,1748918018508
1748918019373,2025-06-03 10:33:39,BTC-3JUN25-92000-C,106141.18876171448,106132.16,86.77,,,0.1295,0.138,0.13375,0.13322998,,0.0,0.0,1748918018508
1748918019373,2025-06-03 10:33:39,BTC-27MAR26-230000-C,112215.37,106132.16,53.35,,,0.0195,0.021,0.02025,0.02020694,0.0185,36.9,1.0,1748918018508
1748918019373,2025-06-03 10:33:39,BTC-29AUG25-40000-P,108012.2588888889,106132.16,84.8,,,0.0005,0.0009,0.0007,0.00068173,0.0008,2.7,0.0,1748918018508
1748918019373,2025-06-03 10:33:39,BTC-29AUG25-190000-C,108012.2588888889,106132.16,53.5,,,0.0017,0.0021,0.0019,0.00188713,0.0016,41.2,12.3,1748918018508
1748918019373,2025-06-03 10:33:39,BTC-26SEP25-300000-C,108631.85,106132.16,66.77,,,0.0005,0.0008,0.00065,0.000635,0.0005,1785.5,4.3,1748918018508
1748918019373,2025-06-03 10:33:39,BTC-13JUN25-111000-C,106361.57,106132.16,38.8,,,0.01,0.0105,0.01025,0.01019785,0.0105,312.7,7.4,1748918018508
1748918019373,2025-06-03 10:33:39,BTC-27MAR26-120000-P,112215.37,106132.16,49.23,,,0.2155,0.22,0.21775,0.21858637,0.22,39.9,0.0,1748918018508
1748918019373,2025-06-03 10:33:39,BTC-27MAR26-30000-C,112218.4,106132.16,70.67,,,0.7335,0.7365,0.735,0.73490134,0.735,12.9,0.0,1748918018508
1748918019373,2025-06-03 10:33:39,BTC-29AUG25-116000-P,108012.2588888889,106132.16,45.46,,,0.132,0.1345,0.13325,0.1333956,0.125,0.3,0.0,1748918018508
1748918019373,2025-06-03 10:33:39,BTC-3JUN25-98000-P,106141.18876171448,106132.16,56.59,,,,0.0001,,0.0,0.0001,72.0,65.2,1748918018508
1748918019373,2025-06-03 10:33:39,BTC-26SEP25-210000-P,108631.85,106132.16,55.4,,,0.0001,,,0.93566816,,0.0,0.0,1748918018508
1748918019373,2025-06-03 10:33:39,BTC-27MAR26-260000-P,112215.37,106132.16,54.98,,,,,,1.33058798,,0.0,0.0,1748918018508
1748918019373,2025-06-03 10:33:39,BTC-27JUN25-84000-P,106640.15,106132.16,52.06,,,0.0017,0.0019,0.0018,0.00178443,0.0021,185.5,0.2,1748918018508
1748918019373,2025-06-03 10:33:39,BTC-26DEC25-30000-P,110448.13,106132.16,77.07,,,0.001,0.0015,0.00125,0.00123559,0.0012,139.8,0.0,1748918018508
1748918019373,2025-06-03 10:33:39,BTC-26DEC25-125000-C,110451.16,106132.16,48.21,,,0.0955,0.097,0.09625,0.09612376,0.09,1022.9,0.1,1748918018508
1748918019373,2025-06-03 10:33:39,BTC-27JUN25-30000-C,106640.15,106132.16,128.32,,,0.7175,0.7195,0.7185,0.7186967,0.7155,46.3,0.0,1748918018508
1748918019373,2025-06-03 10:33:39,BTC-27MAR26-130000-C,112215.37,106132.16,49.4,,,0.1195,0.123,0.12125,0.12121025,0.1215,111.7,15.1,1748918018508
1748918019373,2025-06-03 10:33:39,BTC-26DEC25-230000-C,110448.13,106132.16,54.47,,,0.008,0.009,0.0085,0.00847757,0.0085,178.0,5.4,1748918018508
1748918019373,2025-06-03 10:33:39,BTC-29AUG25-96000-C,108012.2588888889,106132.16,45.81,,,0.1495,0.152,0.15075,0.15114852,,0.0,0.0,1748918018508
1748918019373,2025-06-03 10:33:39,BTC-25JUL25-98000-C,107237.77,106132.16,44.41,,,0.115,0.117,0.116,0.11613157,0.1055,225.3,0.4,1748918018508
1748918019373,2025-06-03 10:33:39,BTC-26DEC25-85000-C,110451.16,106132.16,49.08,,,0.2735,0.2775,0.2755,0.27546444,0.287,144.6,0.0,1748918018508
1748918019373,2025-06-03 10:33:39,BTC-27MAR26-65000-P,112218.4,106132.16,53.29,,,0.022,0.0235,0.02275,0.02294833,0.023,34.5,0.5,1748918018508
1748918019373,2025-06-03 10:33:39,BTC-26DEC25-95000-P,110448.13,106132.16,48.12,,,0.074,0.0755,0.07475,0.07479995,0.0812,622.6,50.0,1748918018508
1748918019373,2025-06-03 10:33:39,BTC-20JUN25-96000-C,106502.375,106132.16,43.01,,,0.1025,0.1075,0.105,0.10456393,0.0895,10.1,3.8,1748918018508
1748918019373,2025-06-03 10:33:39,BTC-3JUN25-111000-C,106141.18876171448,106132.16,45.8,,,,0.0001,,1.2e-07,0.0001,5.5,1.1,1748918018508
1748918019373,2025-06-03 10:33:39,BTC-27JUN25-30000-P,106640.15,106132.16,128.32,,,,0.0001,,2.52e-06,0.0001,623.5,0.0,1748918018508
1748918019373,2025-06-03 10:33:39,BTC-13JUN25-107000-P,106361.57,106132.16,38.7,,,0.0285,0.029,0.02875,0.02899936,0.0285,481.0,132.8,1748918018508
1748918019373,2025-06-03 10:33:39,BTC-3JUN25-106500-P,106141.18876171448,106132.16,29.33,,,0.0039,0.0055,0.0047,0.00491579,0.0033,23.1,23.3,1748918018508
1748918019373,2025-06-03 10:33:39,BTC-27JUN25-150000-P,106643.18,106132.16,55.69,,,0.405,0.4095,0.40725,0.40702343,0.373,16.4,0.0,1748918018508
1748918019373,2025-06-03 10:33:39,BTC-3JUN25-104500-P,106141.18876171448,106132.16,36.02,,,,0.0002,,0.00014855,0.0001,36.1,56.5,1748918018508
1748918019373,2025-06-03 10:33:39,BTC-3JUN25-94000-C,106141.18876171448,106132.16,79.3,,,0.11,0.121,0.1155,0.11438716,,0.0,0.0,1748918018508
1748918019373,2025-06-03 10:33:39,BTC-26SEP25-20000-P,108631.85,106132.16,104.77,,,0.0001,0.0002,0.00015,0.00014375,0.0001,288.9,0.0,1748918018508
1748918019373,2025-06-03 10:33:39,BTC-26DEC25-65000-P,110448.13,106132.16,54.25,,,0.0135,0.0145,0.014,0.0140302,0.014,1981.0,80.4,1748918018508
1748918019373,2025-06-03 10:33:39,BTC-20JUN25-98000-P,106502.375,106132.16,41.81,,,0.008,0.009,0.0085,0.00849006,0.0082,128.3,58.7,1748918018508
1748918019373,2025-06-03 10:33:39,BTC-27JUN25-110000-C,106640.15,106132.16,41.4,,,0.029,0.0295,0.02925,0.0292821,0.0295,5920.6,364.8,1748918018508
1748918019373,2025-06-03 10:33:39,BTC-20JUN25-125000-P,106502.375,106132.16,42.73,,,0.169,0.1785,0.17375,0.17540959,,0.0,0.0,1748918018508
1748918019373,2025-06-03 10:33:39,BTC-20JUN25-110000-P,106502.375,106132.16,40.39,,,0.053,0.055,0.054,0.05437353,0.0665,10.1,0.1,1748918018508
1748918019373,2025-06-03 10:33:39,BTC-25JUL25-100000-P,107234.74,106132.16,44.2,,,0.036,0.0365,0.03625,0.0361508,0.036,1382.6,80.1,1748918018508
1748918019373,2025-06-03 10:33:39,BTC-4JUN25-106000-P,106167.65584114299,106132.16,34.19,,,0.0065,0.0075,0.007,0.00713597,0.006,59.7,54.2,1748918018508
1748918019373,2025-06-03 10:33:39,BTC-5JUN25-106000-C,106194.12292057149,106132.16,35.09,,,0.0115,0.012,0.01175,0.01186218,0.01,26.2,27.1,1748918018509
1748918019373,2025-06-03 10:33:39,BTC-26DEC25-30000-C,110448.13,106132.16,77.07,,,0.7285,0.731,0.72975,0.7296282,0.7227,30.3,0.0,1748918018509
1748918019373,2025-06-03 10:33:39,BTC-27JUN25-120000-C,106640.15,106132.16,42.98,,,0.0085,0.009,0.00875,0.00861774,0.009,5753.1,559.9,1748918018509
1748918019373,2025-06-03 10:33:39,BTC-29AUG25-80000-P,108012.2588888889,106132.16,49.86,,,0.0105,0.0115,0.011,0.01097096,0.0105,107.2,3.4,1748918018509
1748918019373,2025-06-03 10:33:39,BTC-27JUN25-97000-P,106640.15,106132.16,42.16,,,0.0105,0.0115,0.011,0.01092276,0.0115,1017.3,591.6,1748918018509
1748918019373,2025-06-03 10:33:39,BTC-25JUL25-180000-P,107237.77,106132.16,55.95,,,,,,0.67906152,,0.0,0.0,1748918018509
1748918019373,2025-06-03 10:33:39,BTC-27MAR26-230000-P,112218.4,106132.16,53.35,,,,,,1.0697532,,0.0,0.0,1748918018509
1748918019373,2025-06-03 10:33:39,BTC-27MAR26-280000-P,112215.37,106132.16,55.99,,,,,,1.50595255,,0.0,0.0,1748918018509
1748918019373,2025-06-03 10:33:39,BTC-27MAR26-120000-C,112215.37,106132.16,49.23,,,0.148,0.151,0.1495,0.14925339,0.142,80.2,0.9,1748918018509
1748918019373,2025-06-03 10:33:39,BTC-20JUN25-105000-P,106502.375,106132.16,39.97,,,0.0275,0.028,0.02775,0.02778942,0.0265,149.3,36.6,1748918018509
1748918019373,2025-06-03 10:33:39,BTC-6JUN25-85000-P,106217.56,106132.16,94.96,,,0.0001,0.0002,0.00015,0.00016147,0.0001,455.6,26.4,1748918018509
1748918019373,2025-06-03 10:33:39,BTC-27MAR26-180000-P,112215.37,106132.16,51.03,,,0.5775,0.7445,0.661,0.64944083,,0.0,0.0,1748918018509
1748918019373,2025-06-03 10:33:39,BTC-25JUL25-170000-P,107237.77,106132.16,53.12,,,,0.647,,0.58611475,,0.0,0.0,1748918018509
1748918019373,2025-06-03 10:33:39,BTC-27MAR26-240000-C,112215.37,106132.16,53.94,,,0.017,0.0185,0.01775,0.01770685,0.017,71.4,10.2,1748918018509
1748918019373,2025-06-03 10:33:39,BTC-27JUN25-20000-P,106640.15,106132.16,137.66,,,,0.0001,,4e-08,0.0001,300.4,0.0,1748918018509
1748918019373,2025-06-03 10:33:39,BTC-27JUN25-400000-C,106640.15,106132.16,134.68,,,,0.0001,,1.082e-05,0.0001,661.7,0.0,1748918018509
1748918019373,2025-06-03 10:33:39,BTC-3JUN25-105000-C,106141.18876171448,106132.16,30.36,,,0.01,0.0125,0.01125,0.01100976,0.0115,68.0,51.2,1748918018509
1748918019373,2025-06-03 10:33:39,BTC-25JUL25-95000-P,107237.77,106132.16,44.9,,,0.022,0.0225,0.02225,0.02226274,0.022,154.6,106.3,1748918018509
1748918019373,2025-06-03 10:33:39,BTC-29AUG25-102000-C,108012.2588888889,106132.16,45.36,,,0.116,0.1175,0.11675,0.11649944,0.108,0.9,0.2,1748918018509
1748918019373,2025-06-03 10:33:39,BTC-20JUN25-120000-C,106504.45499999999,106132.16,41.16,,,0.0039,0.0042,0.00405,0.00401329,0.0044,1452.9,13.2,1748918018509
1748918019373,2025-06-03 10:33:39,BTC-25JUL25-125000-P,107237.77,106132.16,45.07,,,0.14,0.238,0.189,0.18405253,0.164,0.6,0.0,1748918018509
1748918019373,2025-06-03 10:33:39,BTC-3JUN25-112000-P,106141.18876171448,106132.16,47.2,,,0.045,0.0685,0.05675,0.05519829,,0.0,0.0,1748918018509
1748918019373,2025-06-03 10:33:39,BTC-29AUG25-100000-C,108012.2588888889,106132.16,45.45,,,0.126,0.1285,0.12725,0.12731736,0.121,1.8,0.0,1748918018509
1748918019373,2025-06-03 10:33:39,BTC-29AUG25-102000-P,108014.56555555556,106132.16,45.36,,,0.0605,0.0615,0.061,0.06083669,0.06,3.9,0.2,1748918018509
1748918019373,2025-06-03 10:33:39,BTC-27MAR26-140000-P,112215.37,106132.16,49.71,,,0.329,0.388,0.3585,0.34644552,0.323,1.3,0.0,1748918018509
1748918019373,2025-06-03 10:33:39,BTC-25JUL25-130000-C,107237.77,106132.16,45.48,,,0.012,0.013,0.0125,0.01250173,0.013,2527.8,43.0,1748918018509
1748918019373,2025-06-03 10:33:39,BTC-25JUL25-200000-P,107237.77,106132.16,61.38,,,,,,0.86526032,,0.0,0.0,1748918018509
1748918019373,2025-06-03 10:33:39,BTC-6JUN25-119000-P,106217.56,106132.16,50.48,,,0.1145,0.123,0.11875,0.12038706,,0.0,0.0,1748918018509
1748918019373,2025-06-03 10:33:39,BTC-26DEC25-300000-C,110448.13,106132.16,58.95,,,0.0027,0.0031,0.0029,0.00298764,0.003,240.4,0.3,1748918018509
1748918019373,2025-06-03 10:33:39,BTC-6JUN25-140000-P,106220.59,106132.16,77.43,,,0.274,0.3315,0.30275,0.31793941,,0.0,0.0,1748918018509
1748918019373,2025-06-03 10:33:39,BTC-6JUN25-150000-C,106217.56,106132.16,82.89,,,,0.0001,,9e-08,0.0001,309.4,0.0,1748918018509
1748918019373,2025-06-03 10:33:39,BTC-27JUN25-300000-C,106640.15,106132.16,129.11,,,0.0001,0.0002,0.00015,0.00014242,0.0001,5825.6,12.3,1748918018509
1748918019373,2025-06-03 10:33:39,BTC-13JUN25-101000-P,106361.57,106132.16,39.29,,,0.0075,0.008,0.00775,0.00787671,0.0135,78.9,57.6,1748918018509
1748918019373,2025-06-03 10:33:39,BTC-27MAR26-135000-P,112218.4,106132.16,49.54,,,0.2995,0.353,0.32625,0.31241601,0.2945,0.2,0.0,1748918018509
1748918019373,2025-06-03 10:33:39,BTC-26SEP25-125000-C,108631.85,106132.16,46.47,,,0.0515,0.0525,0.052,0.05201506,0.05,1286.3,120.4,1748918018509
1748918019373,2025-06-03 10:33:39,BTC-4JUN25-102000-P,106167.65584114299,106132.16,41.11,,,0.0003,0.0005,0.0004,0.00044806,0.0004,11.5,9.5,1748918018509
1748918019373,2025-06-03 10:33:39,BTC-26DEC25-170000-C,110448.13,106132.16,50.32,,,0.029,0.03,0.0295,0.0293889,0.0295,3818.9,1.2,1748918018509
1748918019373,2025-06-03 10:33:39,BTC-25JUL25-108000-P,107234.74,106132.16,43.95,,,0.0695,0.0705,0.07,0.0700662,0.08,402.2,17.2,1748918018509
1748918019373,2025-06-03 10:33:39,BTC-29AUG25-130000-P,108012.2588888889,106132.16,46.1,,,0.1835,0.293,0.23825,0.2320307,,0.0,0.0,1748918018509
1748918019373,2025-06-03 10:33:39,BTC-29AUG25-70000-C,108012.2588888889,106132.16,55.69,,,0.3555,0.3585,0.357,0.35706563,,0.0,0.0,1748918018509
1748918019373,2025-06-03 10:33:39,BTC-20JUN25-99000-C,106502.375,106132.16,41.17,,,0.078,0.0855,0.08175,0.08050139,0.0705,1.4,1.4,1748918018509
1748918019373,2025-06-03 10:33:39,BTC-6JUN25-135000-P,106217.56,106132.16,71.96,,,0.2645,0.312,0.28825,0.27087248,,0.0,0.0,1748918018509
1748918019373,2025-06-03 10:33:39,BTC-27MAR26-100000-C,112218.4,106132.16,48.94,,,0.224,0.228,0.226,0.2251895,0.218,1068.7,12.6,1748918018509
1748918019373,2025-06-03 10:33:39,BTC-25JUL25-30000-P,107237.77,106132.16,119.78,,,0.0001,0.0002,0.00015,0.00017159,0.0002,478.9,0.0,1748918018509
1748918019373,2025-06-03 10:33:39,BTC-20JUN25-122000-P,106502.375,106132.16,41.67,,,0.1275,0.1515,0.1395,0.14834861,,0.0,0.0,1748918018509
1748918019373,2025-06-03 10:33:39,BTC-13JUN25-121000-P,106361.57,106132.16,42.33,,,0.1325,0.1595,0.146,0.13859664,,0.0,0.0,1748918018509
1748918019373,2025-06-03 10:33:39,BTC-27MAR26-130000-P,112218.4,106132.16,49.4,,,0.276,0.2815,0.27875,0.27964944,0.2815,2.2,0.0,1748918018509
1748918019373,2025-06-03 10:33:39,BTC-13JUN25-150000-C,106361.57,106132.16,72.79,,,,0.0002,,0.00010237,0.0002,92.6,9.8,1748918018509
1748918019373,2025-06-03 10:33:39,BTC-29AUG25-80000-C,108012.2588888889,106132.16,49.86,,,0.269,0.272,0.2705,0.27031429,0.259,30.0,0.0,1748918018509
1748918019373,2025-06-03 10:33:39,BTC-20JUN25-140000-P,106502.375,106132.16,51.08,,,0.2705,0.3175,0.294,0.31480873,,0.0,0.0,1748918018509
1748918019373,2025-06-03 10:33:39,BTC-29AUG25-95000-P,108012.2588888889,106132.16,45.91,,,0.0365,0.0375,0.037,0.03702953,0.0422,4.0,1.6,1748918018509
1748918019373,2025-06-03 10:33:39,BTC-13JUN25-124000-C,106361.57,106132.16,44.55,,,0.0005,0.0007,0.0006,0.00058542,0.0004,112.3,91.0,1748918018509
1748918019373,2025-06-03 10:33:39,BTC-26DEC25-210000-P,110448.13,106132.16,53.06,,,,,,0.91352397,,0.0,0.0,1748918018509
1748918019373,2025-06-03 10:33:39,BTC-27JUN25-105000-C,106640.15,106132.16,40.97,,,0.0495,0.0505,0.05,0.049928,0.05,4474.5,110.4,1748918018509
1748918019373,2025-06-03 10:33:39,BTC-6JUN25-95000-C,106220.59,106132.16,57.05,,,0.105,0.1075,0.10625,0.10602903,0.092,5.7,0.0,1748918018509
1748918019373,2025-06-03 10:33:39,BTC-5JUN25-118000-P,106194.12292057149,106132.16,52.12,,,0.1055,0.1325,0.119,0.11123747,,0.0,0.0,1748918018509
1748918019373,2025-06-03 10:33:39,BTC-27JUN25-65000-P,106640.15,106132.16,77.83,,,0.0003,0.0004,0.00035,0.00034344,0.0004,2610.2,0.1,1748918018509
1748918019373,2025-06-03 10:33:39,BTC-3JUN25-104000-P,106143.08082321193,106132.16,42.22,,,,0.0002,,0.0001042,0.0001,66.9,43.4,1748918018509
1748918019373,2025-06-03 10:33:39,BTC-3JUN25-106500-C,106141.18876171448,106132.16,29.33,,,0.0013,0.0017,0.0015,0.00153528,0.003,44.8,62.4,1748918018509
1748918019373,2025-06-03 10:33:39,BTC-6JUN25-117000-P,106217.56,106132.16,46.44,,,0.1,0.103,0.1015,0.1016358,0.0785,1.0,0.0,1748918018509
1748918019373,2025-06-03 10:33:39,BTC-5JUN25-104000-C,106194.12292057149,106132.16,36.3,,,0.023,0.026,0.0245,0.0244276,0.0265,1.4,2.4,1748918018509
1748918019373,2025-06-03 10:33:39,BTC-29AUG25-170000-C,108012.2588888889,106132.16,50.65,,,0.0039,0.0042,0.00405,0.00406694,0.004,89.0,3.0,1748918018509
1748918019373,2025-06-03 10:33:39,BTC-27MAR26-260000-C,112215.37,106132.16,54.98,,,0.013,0.0145,0.01375,0.01370959,0.013,82.9,0.6,1748918018509
1748918019373,2025-06-03 10:33:39,BTC-20JUN25-105000-C,106502.375,106132.16,39.97,,,0.042,0.043,0.0425,0.04189592,0.043,326.5,9.9,1748918018509
1748918019373,2025-06-03 10:33:39,BTC-26DEC25-340000-C,110448.13,106132.16,61.1,,,0.0016,0.0021,0.00185,0.00185307,0.0023,198.3,0.0,1748918018509
1748918019373,2025-06-03 10:33:39,BTC-26DEC25-60000-P,110451.16,106132.16,56.54,,,0.01,0.011,0.0105,0.01043718,0.0107,675.3,50.1,1748918018509
1748918019373,2025-06-03 10:33:39,BTC-29AUG25-190000-P,108012.2588888889,106132.16,53.5,,,,,,0.76094672,,0.0,0.0,1748918018509
1748918019373,2025-06-03 10:33:39,BTC-6JUN25-104000-C,106220.59,106132.16,37.85,,,0.0255,0.0285,0.027,0.02694519,0.0295,457.1,86.1,1748918018509
1748918019373,2025-06-03 10:33:39,BTC-3JUN25-105000-P,106143.08082321193,106132.16,30.36,,,0.0002,0.0003,0.00025,0.00025815,0.0002,35.9,34.7,1748918018509
1748918019373,2025-06-03 10:33:39,BTC-4JUN25-92000-P,106167.65584114299,106132.16,70.6,,,,0.0001,,2.23e-06,0.0001,16.9,2.1,1748918018509
1748918019373,2025-06-03 10:33:39,BTC-4JUN25-98000-C,106167.65584114299,106132.16,55.79,,,0.0705,0.0835,0.077,0.0769989,,0.0,0.0,1748918018509
1748918019373,2025-06-03 10:33:39,BTC-29AUG25-135000-P,108012.2588888889,106132.16,46.56,,,0.222,0.3335,0.27775,0.27178821,,0.0,0.0,1748918018509
1748918019373,2025-06-03 10:33:39,BTC-25JUL25-124000-C,107237.77,106132.16,45.0,,,0.0195,0.0205,0.02,0.019978,0.02,51.3,40.3,1748918018509
1748918019373,2025-06-03 10:33:39,BTC-25JUL25-122000-C,107237.77,106132.16,44.75,,,0.023,0.0235,0.02325,0.02315924,0.0195,914.2,12.7,1748918018509
1748918019373,2025-06-03 10:33:39,BTC-13JUN25-102000-P,106361.57,106132.16,39.17,,,0.01,0.0105,0.01025,0.01014846,0.0095,356.6,70.3,1748918018509
1748918019373,2025-06-03 10:33:39,BTC-25JUL25-50000-C,107237.77,106132.16,84.26,,,0.533,0.5355,0.53425,0.53436923,0.529,24.1,0.0,1748918018509
1748918019373,2025-06-03 10:33:39,BTC-13JUN25-130000-C,106361.57,106132.16,50.82,,,0.0002,0.0005,0.00035,0.00028934,0.0003,59.2,12.0,1748918018509
1748918019373,2025-06-03 10:33:39,BTC-26DEC25-120000-C,110451.16,106132.16,48.07,,,0.11,0.111,0.1105,0.11021596,0.1095,1241.9,33.6,1748918018509
1748918019373,2025-06-03 10:33:39,BTC-27MAR26-75000-C,112215.37,106132.16,50.82,,,0.368,0.373,0.3705,0.37019622,0.374,9.2,0.0,1748918018509
1748918019373,2025-06-03 10:33:39,BTC-25JUL25-84000-C,107237.77,106132.16,49.56,,,0.2225,0.2255,0.224,0.22421909,0.236,2.0,0.0,1748918018509
1748918019373,2025-06-03 10:33:39,BTC-27MAR26-200000-P,112215.37,106132.16,51.71,,,,,,0.81390183,,0.0,0.0,1748918018509
1748918019373,2025-06-03 10:33:39,BTC-6JUN25-103000-C,106217.56,106132.16,38.66,,,0.033,0.036,0.0345,0.03431851,0.0245,76.9,23.0,1748918018509
1748918019373,2025-06-03 10:33:39,BTC-26DEC25-180000-P,110448.13,106132.16,50.99,,,0.587,0.738,0.6625,0.65287631,,0.0,0.0,1748918018509
1748918019373,2025-06-03 10:33:39,BTC-27MAR26-125000-C,112218.4,106132.16,49.38,,,0.1335,0.1365,0.135,0.13475669,0.1295,11.4,2.6,1748918018509
1748918019373,2025-06-03 10:33:39,BTC-26SEP25-140000-P,108631.85,106132.16,47.45,,,0.3115,0.3215,0.3165,0.31616682,0.6365,12.8,0.0,1748918018509
1748918019373,2025-06-03 10:33:39,BTC-26SEP25-80000-C,108631.85,106132.16,49.22,,,0.278,0.281,0.2795,0.27958293,0.282,1130.3,0.1,1748918018509
1748918019373,2025-06-03 10:33:39,BTC-20JUN25-103000-P,106502.375,106132.16,40.15,,,0.02,0.0205,0.02025,0.02025661,0.0215,43.6,7.8,1748918018510
1748918019373,2025-06-03 10:33:39,BTC-6JUN25-95000-P,106217.56,106132.16,57.05,,,0.0003,0.0004,0.00035,0.00034405,0.0004,476.1,72.9,1748918018510
1748918019373,2025-06-03 10:33:39,BTC-4JUN25-100000-C,106167.65584114299,106132.16,49.79,,,0.0505,0.0655,0.058,0.05828824,,0.0,0.0,1748918018510
1748918019373,2025-06-03 10:33:39,BTC-13JUN25-108000-P,106361.57,106132.16,38.68,,,0.034,0.0345,0.03425,0.03441455,0.0465,936.7,0.0,1748918018510
1748918019373,2025-06-03 10:33:39,BTC-27MAR26-150000-C,112215.37,106132.16,49.96,,,0.0795,0.082,0.08075,0.08069667,0.0755,251.1,2.0,1748918018510
1748918019373,2025-06-03 10:33:39,BTC-3JUN25-105500-C,106141.18876171448,106132.16,28.9,,,0.006,0.0085,0.00725,0.00684151,0.0105,28.3,39.7,1748918018510
1748918019373,2025-06-03 10:33:39,BTC-27JUN25-102000-C,106640.15,106132.16,41.03,,,0.066,0.0675,0.06675,0.06661456,0.068,1028.2,1.9,1748918018510
1748918019373,2025-06-03 10:33:39,BTC-27MAR26-110000-C,112215.37,106132.16,48.93,,,0.1815,0.1855,0.1835,0.18306429,0.176,129.9,0.5,1748918018510
1748918019373,2025-06-03 10:33:39,BTC-6JUN25-108000-C,106217.56,106132.16,36.51,,,0.0065,0.0075,0.007,0.00703433,0.008,886.6,169.1,1748918018510
1748918019373,2025-06-03 10:33:39,BTC-26SEP25-260000-P,108631.85,106132.16,60.88,,,,,,1.39416463,1.524,0.0,0.0,1748918018510
1748918019373,2025-06-03 10:33:39,BTC-27JUN25-78000-P,106640.15,106132.16,59.29,,,0.0009,0.0011,0.001,0.00097307,0.001,304.1,0.1,1748918018510
1748918019373,2025-06-03 10:33:39,BTC-25JUL25-90000-C,107234.74,106132.16,46.47,,,0.1725,0.1755,0.174,0.17424606,0.1716,112.0,0.0,1748918018510
1748918019373,2025-06-03 10:33:39,BTC-25JUL25-116000-C,107237.77,106132.16,44.35,,,0.036,0.0365,0.03625,0.03620967,0.0375,719.8,155.8,1748918018510
1748918019373,2025-06-03 10:33:39,BTC-25JUL25-85000-C,107237.77,106132.16,48.98,,,0.214,0.217,0.2155,0.21565474,0.2265,5.7,0.0,1748918018510
1748918019373,2025-06-03 10:33:39,BTC-26SEP25-80000-P,108631.85,106132.16,49.22,,,0.0155,0.0165,0.016,0.01597413,0.018,2293.4,0.1,1748918018510
1748918019373,2025-06-03 10:33:39,BTC-25JUL25-126000-C,107237.77,106132.16,45.08,,,0.0165,0.0175,0.017,0.01703283,0.015,250.2,85.9,1748918018510
1748918019373,2025-06-03 10:33:39,BTC-29AUG25-112000-P,108012.2588888889,106132.16,45.35,,,0.1085,0.1105,0.1095,0.10954655,0.108,5.2,0.0,1748918018510
1748918019373,2025-06-03 10:33:39,BTC-29AUG25-125000-P,108012.2588888889,106132.16,45.73,,,0.182,0.2495,0.21575,0.19430077,,0.0,0.0,1748918018510
1748918019373,2025-06-03 10:33:39,BTC-26SEP25-40000-P,108631.85,106132.16,77.9,,,0.0009,0.0012,0.00105,0.00100287,0.001,277.4,1.1,1748918018510
1748918019373,2025-06-03 10:33:39,BTC-25JUL25-98000-P,107237.77,106132.16,44.41,,,0.0295,0.0305,0.03,0.02993663,0.03,650.5,11.9,1748918018510
1748918019373,2025-06-03 10:33:39,BTC-25JUL25-104000-C,107237.77,106132.16,43.92,,,0.081,0.082,0.0815,0.08142914,0.0825,358.9,26.3,1748918018510
1748918019373,2025-06-03 10:33:39,BTC-6JUN25-100000-C,106217.56,106132.16,43.61,,,0.0585,0.0615,0.06,0.05985497,0.0585,2.1,0.0,1748918018510
1748918019373,2025-06-03 10:33:39,BTC-6JUN25-104000-P,106217.56,106132.16,37.85,,,0.0055,0.0065,0.006,0.00599948,0.0065,755.8,209.5,1748918018510
1748918019373,2025-06-03 10:33:39,BTC-27MAR26-105000-C,112215.37,106132.16,48.89,,,0.202,0.2055,0.20375,0.20302562,0.204,153.5,1.7,1748918018510
1748918019373,2025-06-03 10:33:39,BTC-27MAR26-40000-P,112215.37,106132.16,63.85,,,0.0043,0.005,0.00465,0.00487567,0.0048,126.8,2.2,1748918018510
1748918019373,2025-06-03 10:33:39,BTC-26DEC25-280000-P,110448.13,106132.16,57.78,,,0.0001,,,1.53890828,,0.0,0.0,1748918018510
1748918019373,2025-06-03 10:33:39,BTC-4JUN25-122000-P,106167.65584114299,106132.16,64.75,,,0.122,0.175,0.1485,0.1491269,,0.0,0.0,1748918018510
1748918019373,2025-06-03 10:33:39,BTC-4JUN25-118000-P,106167.65584114299,106132.16,55.41,,,0.1055,0.1325,0.119,0.1114541,,0.0,0.0,1748918018510
1748918019373,2025-06-03 10:33:39,BTC-13JUN25-113000-C,106361.57,106132.16,39.03,,,0.006,0.007,0.0065,0.00644289,0.0065,284.0,112.6,1748918018510
1748918019373,2025-06-03 10:33:39,BTC-27JUN25-170000-P,106643.18,106132.16,68.52,,,0.591,0.597,0.594,0.5943513,1.0005,27.5,0.0,1748918018510
1748918019373,2025-06-03 10:33:39,BTC-29AUG25-60000-C,108012.2588888889,106132.16,63.15,,,0.446,0.4485,0.44725,0.44699911,0.4485,0.1,0.0,1748918018510
1748918019373,2025-06-03 10:33:39,BTC-26SEP25-130000-C,108631.85,106132.16,46.74,,,0.0415,0.0425,0.042,0.04199375,0.0425,2345.7,970.6,1748918018510
1748918019373,2025-06-03 10:33:39,BTC-6JUN25-106000-P,106217.56,106132.16,36.62,,,0.012,0.013,0.0125,0.01270549,0.011,781.1,43.3,1748918018510
1748918019373,2025-06-03 10:33:39,BTC-5JUN25-120000-P,106194.12292057149,106132.16,55.8,,,0.1245,0.1535,0.139,0.13004073,,0.0,0.0,1748918018510
1748918019373,2025-06-03 10:33:39,BTC-20JUN25-90000-C,106502.375,106132.16,47.83,,,0.1545,0.162,0.15825,0.15706169,0.153,0.1,0.0,1748918018510
1748918019373,2025-06-03 10:33:39,BTC-27JUN25-97000-C,106640.15,106132.16,42.16,,,0.1,0.1025,0.10125,0.10136727,0.0895,281.4,3.6,1748918018510
1748918019373,2025-06-03 10:33:39,BTC-26DEC25-20000-P,110451.16,106132.16,88.4,,,0.0003,0.0006,0.00045,0.00043229,0.0005,306.1,7.0,1748918018510
1748918019373,2025-06-03 10:33:39,BTC-4JUN25-94000-C,106167.65584114299,106132.16,64.45,,,0.11,0.1205,0.11525,0.11461317,,0.0,0.0,1748918018510
1748918019373,2025-06-03 10:33:39,BTC-25JUL25-104000-P,107234.74,106132.16,43.92,,,0.051,0.0515,0.05125,0.0511974,0.0535,317.2,26.9,1748918018510
1748918019373,2025-06-03 10:33:39,BTC-3JUN25-92000-P,106141.18876171448,106132.16,86.77,,,,0.0001,,0.0,0.0001,8.4,0.0,1748918018510
1748918019373,2025-06-03 10:33:39,BTC-27JUN25-84000-C,106640.15,106132.16,52.06,,,0.213,0.2155,0.21425,0.21412813,0.2145,0.4,0.0,1748918018510
1748918019373,2025-06-03 10:33:39,BTC-5JUN25-94000-C,106194.12292057149,106132.16,67.44,,,0.11,0.121,0.1155,0.11500176,,0.0,0.0,1748918018510
1748918019373,2025-06-03 10:33:39,BTC-29AUG25-106000-C,108012.2588888889,106132.16,45.28,,,0.0965,0.0975,0.097,0.09692942,0.098,76.3,20.6,1748918018510
1748918019373,2025-06-03 10:33:39,BTC-20JUN25-111000-C,106502.375,106132.16,40.4,,,0.018,0.019,0.0185,0.01851817,0.017,75.6,8.5,1748918018510
1748918019373,2025-06-03 10:33:39,BTC-29AUG25-130000-C,108014.56555555556,106132.16,46.1,,,0.028,0.029,0.0285,0.02846361,0.026,14.6,1.5,1748918018510
1748918019373,2025-06-03 10:33:39,BTC-6JUN25-90000-C,106217.56,106132.16,74.14,,,0.152,0.154,0.153,0.1529406,0.145,152.6,0.0,1748918018510
1748918019373,2025-06-03 10:33:39,BTC-26DEC25-340000-P,110451.16,106132.16,61.1,,,,,,2.08007011,,0.0,0.0,1748918018510
1748918019373,2025-06-03 10:33:39,BTC-13JUN25-120000-C,106361.57,106132.16,41.44,,,0.0011,0.0014,0.00125,0.0012256,0.0012,603.1,6.1,1748918018510
1748918019373,2025-06-03 10:33:39,BTC-27MAR26-180000-C,112218.4,106132.16,51.03,,,0.0445,0.0465,0.0455,0.0454481,0.044,60.1,1.8,1748918018510
1748918019373,2025-06-03 10:33:39,BTC-3JUN25-101000-P,106141.18876171448,106132.16,46.15,,,,0.0002,,2e-08,0.0001,24.8,19.8,1748918018510
1748918019373,2025-06-03 10:33:39,BTC-20JUN25-107000-C,106502.375,106132.16,40.35,,,0.0325,0.033,0.03275,0.03275123,0.0305,229.4,5.8,1748918018510
1748918019373,2025-06-03 10:33:39,BTC-25JUL25-75000-P,107237.77,106132.16,55.92,,,0.0031,0.0034,0.00325,0.00329602,0.0033,384.9,3.3,1748918018510
1748918019373,2025-06-03 10:33:39,BTC-5JUN25-111000-C,106194.12292057149,106132.16,37.61,,,0.0007,0.0011,0.0009,0.00086681,0.0007,3.4,3.4,1748918018510
1748918019373,2025-06-03 10:33:39,BTC-26SEP25-220000-C,108631.85,106132.16,56.66,,,0.0019,0.0022,0.00205,0.00209047,0.0019,572.0,19.2,1748918018510
1748918019373,2025-06-03 10:33:39,BTC-26SEP25-130000-P,108631.85,106132.16,46.74,,,0.234,0.242,0.238,0.23862944,0.2565,38.0,0.0,1748918018510
1748918019373,2025-06-03 10:33:39,BTC-3JUN25-102500-C,106141.18876171448,106132.16,43.82,,,0.0285,0.039,0.03375,0.03430714,0.038,0.7,0.7,1748918018510
1748918019373,2025-06-03 10:33:39,BTC-29AUG25-110000-P,108012.2588888889,106132.16,45.32,,,0.0975,0.0995,0.0985,0.09852178,0.1085,6.4,0.0,1748918018510
1748918019373,2025-06-03 10:33:39,BTC-29AUG25-124000-C,108012.2588888889,106132.16,45.68,,,0.0385,0.0395,0.039,0.03905321,0.053,0.2,0.0,1748918018510
1748918019373,2025-06-03 10:33:39,BTC-26SEP25-115000-P,108631.85,106132.16,46.05,,,0.137,0.139,0.138,0.13776635,0.1285,45.9,0.0,1748918018510
1748918019373,2025-06-03 10:33:39,BTC-25JUL25-106000-P,107234.74,106132.16,43.91,,,0.06,0.0605,0.06025,0.06017657,0.0592,258.4,33.5,1748918018510
1748918019373,2025-06-03 10:33:39,BTC-13JUN25-104000-P,106361.57,106132.16,38.74,,,0.0155,0.0165,0.016,0.01597662,0.0155,139.4,55.2,1748918018510
1748918019373,2025-06-03 10:33:39,BTC-3JUN25-103500-P,106141.18876171448,106132.16,42.98,,,,0.0002,,3.299e-05,0.0001,51.2,59.7,1748918018510
1748918019373,2025-06-03 10:33:39,BTC-4JUN25-103000-P,106169.64388214129,106132.16,38.19,,,0.0007,0.001,0.00085,0.00085729,0.0008,24.0,25.3,1748918018510
1748918019373,2025-06-03 10:33:39,BTC-6JUN25-114000-P,106217.56,106132.16,41.01,,,0.072,0.075,0.0735,0.07370423,0.0897,4.1,2.0,1748918018510
1748918019373,2025-06-03 10:33:39,BTC-6JUN25-118000-P,106220.59,106132.16,47.23,,,0.1055,0.132,0.11875,0.11097395,,0.0,0.0,1748918018510
1748918019373,2025-06-03 10:33:39,BTC-27MAR26-40000-C,112218.4,106132.16,63.85,,,0.6465,0.6505,0.6485,0.64843285,,0.0,0.0,1748918018510
1748918019373,2025-06-03 10:33:39,BTC-20JUN25-117000-P,106502.375,106132.16,40.93,,,0.099,0.112,0.1055,0.10551585,,0.0,0.0,1748918018510
1748918019373,2025-06-03 10:33:39,BTC-5JUN25-107000-C,106194.12292057149,106132.16,34.76,,,0.007,0.008,0.0075,0.00749641,0.004,0.8,0.8,1748918018510
1748918019373,2025-06-03 10:33:39,BTC-25JUL25-130000-P,107237.77,106132.16,45.48,,,0.1795,0.279,0.22925,0.22469212,,0.0,0.0,1748918018511
1748918019373,2025-06-03 10:33:39,BTC-26DEC25-130000-P,110448.13,106132.16,48.33,,,0.248,0.269,0.2585,0.26069423,0.25,16.3,0.0,1748918018511
1748918019373,2025-06-03 10:33:39,BTC-27JUN25-80000-C,106640.15,106132.16,56.7,,,0.25,0.252,0.251,0.25101914,0.254,661.6,0.1,1748918018511
1748918019373,2025-06-03 10:33:39,BTC-6JUN25-145000-P,106220.59,106132.16,78.28,,,0.3585,0.3765,0.3675,0.36500737,,0.0,0.0,1748918018511
1748918019373,2025-06-03 10:33:39,BTC-26SEP25-220000-P,108631.85,106132.16,56.66,,,,,,1.02716625,1.474,1.4,0.0,1748918018511
1748918019373,2025-06-03 10:33:39,BTC-29AUG25-116000-C,108014.56555555556,106132.16,45.46,,,0.059,0.06,0.0595,0.05944343,0.0574,210.1,210.0,1748918018511
1748918019373,2025-06-03 10:33:39,BTC-29AUG25-126000-C,108012.2588888889,106132.16,45.88,,,0.035,0.0355,0.03525,0.03527414,0.036,2.4,0.0,1748918018511
1748918019373,2025-06-03 10:33:39,BTC-20JUN25-135000-P,106502.375,106132.16,48.31,,,0.261,0.271,0.266,0.26806419,,0.0,0.0,1748918018511
1748918019373,2025-06-03 10:33:39,BTC-27JUN25-50000-P,106640.15,106132.16,107.57,,,0.0001,0.0002,0.00015,0.00017893,0.0002,1101.9,0.0,1748918018511
1748918019373,2025-06-03 10:33:39,BTC-27JUN25-80000-P,106640.15,106132.16,56.7,,,0.0011,0.0013,0.0012,0.001168,0.0013,3827.8,2.2,1748918018511
1748918019373,2025-06-03 10:33:39,BTC-27JUN25-60000-P,106640.15,106132.16,86.54,,,0.0002,0.0003,0.00025,0.00025978,0.0003,1179.6,0.0,1748918018511
1748918019373,2025-06-03 10:33:39,BTC-6JUN25-105000-P,106217.56,106132.16,36.98,,,0.0085,0.009,0.00875,0.00877829,0.0075,576.0,113.2,1748918018511
