timestamp,datetime,instrument_name,underlying_price,forward_price,mark_iv,bid_iv,ask_iv,bid_price,ask_price,mid_price,mark_price,last_price,open_interest,volume,creation_timestamp
1748937704322,2025-06-03 16:01:44,BTC-26DEC25-400000-P,109413.93,105234.09,64.66,,,,,,2.65685017,3.73,0.0,0.0,1748937702536
1748937704322,2025-06-03 16:01:44,BTC-25JUL25-30000-C,106216.36,105234.09,119.15,,,0.7165,0.719,0.71775,0.71772623,0.713,11.4,0.0,1748937702536
1748937704322,2025-06-03 16:01:44,BTC-26DEC25-50000-P,109413.93,105234.09,61.16,,,0.005,0.006,0.0055,0.00550723,0.0055,916.9,14.0,1748937702536
1748937704322,2025-06-03 16:01:44,BTC-13JUN25-111000-P,105382.67,105234.09,39.08,,,0.059,0.063,0.061,0.06124791,0.0715,37.6,10.0,1748937702536
1748937704322,2025-06-03 16:01:44,BTC-5JUN25-92000-C,105255.06240305418,105234.09,68.23,,,0.1175,0.1345,0.126,0.12599646,,0.0,0.0,1748937702536
1748937704322,2025-06-03 16:01:44,BTC-6JUN25-118000-C,105266.18,105234.09,52.92,,,0.0001,0.0003,0.0002,0.00014662,0.0002,370.8,44.4,1748937702536
1748937704322,2025-06-03 16:01:44,BTC-5JUN25-114000-C,105255.06240305418,105234.09,48.51,,,0.0001,0.0002,0.00015,0.00017096,0.0001,0.1,0.1,1748937702536
1748937704322,2025-06-03 16:01:44,BTC-6JUN25-120000-P,105267.07,105234.09,57.98,,,0.0001,0.1495,0.0748,0.14005804,0.109,0.1,0.0,1748937702536
1748937704322,2025-06-03 16:01:44,BTC-29AUG25-160000-P,106977.92,105234.09,49.72,,,,,,0.50159623,,0.0,0.0,1748937702536
1748937704322,2025-06-03 16:01:44,BTC-5JUN25-120000-C,105255.06240305418,105234.09,55.8,,,,0.0002,,8.95e-06,0.0001,0.4,0.4,1748937702536
1748937704322,2025-06-03 16:01:44,BTC-25JUL25-124000-P,106216.36,105234.09,45.75,,,,,,0.18624962,,0.0,0.0,1748937702536
1748937704322,2025-06-03 16:01:44,BTC-26SEP25-100000-P,107588.75,105234.09,46.31,,,0.0675,0.069,0.06825,0.06839188,0.067,1213.7,175.7,1748937702536
1748937704322,2025-06-03 16:01:44,BTC-26DEC25-130000-C,109413.1,105234.09,48.67,,,0.0805,0.0825,0.0815,0.08171454,0.083,838.5,104.3,1748937702536
1748937704322,2025-06-03 16:01:44,BTC-25JUL25-94000-P,106216.36,105234.09,45.16,,,0.022,0.0225,0.02225,0.02222662,0.0215,486.2,132.9,1748937702536
1748937704322,2025-06-03 16:01:44,BTC-26DEC25-150000-P,109413.93,105234.09,49.57,,,,,,0.4186058,0.4245,4.4,0.0,1748937702536
1748937704322,2025-06-03 16:01:44,BTC-20JUN25-135000-C,105517.225,105234.09,50.39,,,0.0004,0.0007,0.00055,0.00049696,0.0004,28.5,0.2,1748937702536
1748937704322,2025-06-03 16:01:44,BTC-29AUG25-85000-C,106977.92,105234.09,48.05,,,0.2205,0.2255,0.223,0.22345105,0.218,20.1,0.0,1748937702536
1748937704322,2025-06-03 16:01:44,BTC-4JUN25-111000-C,105244.9413666742,105234.09,45.23,,,,0.0002,,0.00010274,0.0001,27.2,14.3,1748937702536
1748937704322,2025-06-03 16:01:44,BTC-27MAR26-90000-C,111132.42,105234.09,49.49,,,0.1695,,,0.27205526,0.268,93.0,0.6,1748937702536
1748937704322,2025-06-03 16:01:44,BTC-26SEP25-90000-P,107588.75,105234.09,47.05,,,0.0355,0.036,0.03575,0.03576441,0.0355,544.2,73.2,1748937702536
1748937704322,2025-06-03 16:01:44,BTC-27MAR26-85000-P,111132.42,105234.09,49.86,,,0.064,0.0675,0.06575,0.06586978,0.069,95.5,15.0,1748937702536
1748937704322,2025-06-03 16:01:44,BTC-27MAR26-50000-P,111132.42,105234.09,57.62,,,0.008,0.01,0.009,0.00916212,0.0095,238.7,0.8,1748937702536
1748937704322,2025-06-03 16:01:44,BTC-5JUN25-105000-C,105255.06240305418,105234.09,34.74,,,0.011,0.012,0.0115,0.01150483,0.0115,10.3,10.7,1748937702536
1748937704322,2025-06-03 16:01:44,BTC-27MAR26-20000-C,111132.42,105234.09,82.5,,,,,,0.82111466,0.8205,5.3,0.0,1748937702536
1748937704322,2025-06-03 16:01:44,BTC-4JUN25-107000-P,105244.9413666742,105234.09,34.75,,,0.017,0.02,0.0185,0.01848365,0.011,1.8,1.8,1748937702536
1748937704322,2025-06-03 16:01:44,BTC-27JUN25-160000-P,105653.57,105234.09,64.57,,,0.5115,0.518,0.51475,0.51479628,0.4931,139.0,0.0,1748937702536
1748937704322,2025-06-03 16:01:44,BTC-27JUN25-200000-C,105653.57,105234.09,86.53,,,0.0001,0.0003,0.0002,0.00017849,0.0003,4027.1,0.0,1748937702536
1748937704322,2025-06-03 16:01:44,BTC-6JUN25-100000-P,105266.18,105234.09,42.09,,,0.0013,0.0017,0.0015,0.00153491,0.0013,1567.4,171.9,1748937702536
1748937704322,2025-06-03 16:01:44,BTC-4JUN25-112000-C,105244.9413666742,105234.09,46.03,,,,0.0001,,3.828e-05,0.0001,9.2,11.2,1748937702536
1748937704322,2025-06-03 16:01:44,BTC-26SEP25-240000-C,107588.75,105234.09,59.31,,,0.0012,0.0015,0.00135,0.00129841,0.0014,740.8,2.8,1748937702536
1748937704322,2025-06-03 16:01:44,BTC-25JUL25-160000-P,106216.36,105234.09,51.85,,,,,,0.50795057,,0.0,0.0,1748937702536
1748937704322,2025-06-03 16:01:44,BTC-27MAR26-90000-P,111132.42,105234.09,49.49,,,0.0795,0.084,0.08175,0.08189127,0.0815,106.6,50.8,1748937702536
1748937704322,2025-06-03 16:01:44,BTC-13JUN25-90000-P,105382.67,105234.09,51.11,,,0.0008,0.001,0.0009,0.00094478,0.001,261.4,75.2,1748937702536
1748937704322,2025-06-03 16:01:44,BTC-13JUN25-103000-P,105382.67,105234.09,38.78,,,0.015,0.016,0.0155,0.01560237,0.012,80.6,18.5,1748937702536
1748937704322,2025-06-03 16:01:44,BTC-25JUL25-86000-P,106216.36,105234.09,47.93,,,0.0095,0.01,0.00975,0.00973847,0.0095,393.8,20.6,1748937702536
1748937704322,2025-06-03 16:01:44,BTC-5JUN25-96000-P,105255.06240305418,105234.09,57.32,,,0.0001,0.0003,0.0002,0.00021552,0.0005,1.1,1.1,1748937702536
1748937704322,2025-06-03 16:01:44,BTC-25JUL25-60000-C,106216.56,105234.09,70.83,,,0.4345,0.438,0.43625,0.43627597,0.4505,12.3,0.0,1748937702536
1748937704322,2025-06-03 16:01:44,BTC-20JUN25-101000-C,105517.225,105234.09,40.71,,,0.05,0.079,0.0645,0.05985987,0.058,1.0,1.0,1748937702536
1748937704322,2025-06-03 16:01:44,BTC-26SEP25-55000-P,107588.75,105234.09,63.22,,,0.0026,0.0031,0.00285,0.00283597,0.003,455.1,0.0,1748937702536
1748937704322,2025-06-03 16:01:44,BTC-5JUN25-98000-C,105255.06240305418,105234.09,49.34,,,0.06,0.078,0.069,0.06927249,,0.0,0.0,1748937702536
1748937704322,2025-06-03 16:01:44,BTC-4JUN25-104000-C,105244.9413666742,105234.09,35.49,,,0.013,0.0155,0.01425,0.01473935,0.0145,24.5,22.6,1748937702536
1748937704322,2025-06-03 16:01:44,BTC-25JUL25-120000-C,106216.56,105234.09,45.28,,,0.0245,0.0255,0.025,0.02529598,0.0265,3188.9,48.3,1748937702536
1748937704322,2025-06-03 16:01:44,BTC-27MAR26-65000-C,111132.42,105234.09,52.88,,,,,,0.43851675,0.454,1.9,0.0,1748937702536
1748937704322,2025-06-03 16:01:44,BTC-20JUN25-96000-P,105517.225,105234.09,42.41,,,0.0065,0.007,0.00675,0.00682465,0.0065,150.1,117.7,1748937702536
1748937704322,2025-06-03 16:01:44,BTC-20JUN25-125000-C,105517.225,105234.09,44.46,,,0.0014,0.0018,0.0016,0.00162218,0.0017,54.8,1.3,1748937702537
1748937704322,2025-06-03 16:01:44,BTC-27JUN25-220000-C,105653.57,105234.09,97.79,,,0.0001,0.0003,0.0002,0.00017843,0.0001,2128.2,61.1,1748937702537
1748937704322,2025-06-03 16:01:44,BTC-27JUN25-200000-P,105653.57,105234.09,86.53,,,0.8895,0.897,0.89325,0.89317497,1.1,0.3,0.0,1748937702537
1748937704322,2025-06-03 16:01:44,BTC-26SEP25-85000-C,107588.95,105234.09,48.0,,,0.232,0.2375,0.23475,0.23501018,0.238,471.7,0.5,1748937702537
1748937704322,2025-06-03 16:01:44,BTC-26DEC25-115000-C,109413.1,105234.09,48.23,,,0.122,0.124,0.123,0.12329744,0.124,285.1,0.0,1748937702537
1748937704322,2025-06-03 16:01:44,BTC-29AUG25-118000-P,106977.92,105234.09,46.02,,,0.1515,0.158,0.15475,0.1543269,,0.0,0.0,1748937702537
1748937704322,2025-06-03 16:01:44,BTC-13JUN25-116000-C,105382.67,105234.09,40.87,,,0.0024,0.0027,0.00255,0.00249342,0.0026,95.5,16.1,1748937702537
1748937704322,2025-06-03 16:01:44,BTC-13JUN25-108000-C,105382.67,105234.09,38.87,,,0.015,0.016,0.0155,0.01542486,0.016,232.1,79.5,1748937702537
1748937704322,2025-06-03 16:01:44,BTC-27JUN25-115000-P,105653.57,105234.09,42.81,,,0.101,0.105,0.103,0.10291018,0.1006,307.2,22.0,1748937702537
1748937704322,2025-06-03 16:01:44,BTC-5JUN25-122000-C,105255.06240305418,105234.09,59.44,,,,0.0001,,4.85e-06,,0.0,0.0,1748937702537
1748937704322,2025-06-03 16:01:44,BTC-25JUL25-95000-C,106216.56,105234.09,44.95,,,0.1,,,0.13015512,0.125,1.5,0.3,1748937702537
1748937704322,2025-06-03 16:01:44,BTC-26DEC25-20000-C,109413.93,105234.09,87.12,,,0.01,,,0.81760657,0.8265,20.6,0.0,1748937702537
1748937704322,2025-06-03 16:01:44,BTC-4JUN25-101000-C,105244.9413666742,105234.09,42.74,,,0.0021,0.053,0.02755,0.04061516,0.051,0.1,0.1,1748937702537
1748937704322,2025-06-03 16:01:44,BTC-29AUG25-180000-C,106977.92,105234.09,52.51,,,0.0023,0.0029,0.0026,0.00259053,0.0027,44.6,0.3,1748937702537
1748937704322,2025-06-03 16:01:44,BTC-27MAR26-70000-P,111132.42,105234.09,51.65,,,0.0295,0.032,0.03075,0.03073399,0.03,236.7,2.4,1748937702537
1748937704322,2025-06-03 16:01:44,BTC-26SEP25-260000-C,107588.75,105234.09,61.14,,,0.0007,0.001,0.00085,0.00084494,0.001,594.3,14.4,1748937702537
1748937704322,2025-06-03 16:01:44,BTC-26DEC25-160000-P,109413.93,105234.09,50.17,,,,,,0.49926812,0.4881,101.0,0.0,1748937702537
1748937704322,2025-06-03 16:01:44,BTC-20JUN25-107000-P,105517.225,105234.09,40.36,,,0.042,0.0425,0.04225,0.04244662,0.0355,11.2,0.5,1748937702537
1748937704322,2025-06-03 16:01:44,BTC-4JUN25-103500-C,105244.9413666742,105234.09,36.89,,,0.0165,0.0195,0.018,0.01862202,,0.0,0.0,1748937702537
1748937704322,2025-06-03 16:01:44,BTC-13JUN25-114000-C,105382.67,105234.09,39.88,,,0.0036,0.0041,0.00385,0.00392054,0.0038,304.6,30.8,1748937702537
1748937704322,2025-06-03 16:01:44,BTC-29AUG25-145000-C,106977.92,105234.09,48.04,,,0.012,0.013,0.0125,0.01246611,0.0129,125.9,100.6,1748937702537
1748937704322,2025-06-03 16:01:44,BTC-27JUN25-45000-P,105653.57,105234.09,117.58,,,,0.0002,,0.00013363,0.0001,1135.9,0.0,1748937702537
1748937704322,2025-06-03 16:01:44,BTC-29AUG25-140000-C,106977.92,105234.09,47.62,,,0.0155,0.0165,0.016,0.01620541,0.0165,115.9,28.6,1748937702537
1748937704322,2025-06-03 16:01:44,BTC-27MAR26-80000-P,111131.53,105234.09,50.35,,,0.0505,0.054,0.05225,0.05211233,0.048,536.7,1.0,1748937702537
1748937704322,2025-06-03 16:01:44,BTC-26SEP25-170000-P,107588.75,105234.09,51.08,,,,,,0.58846576,0.968,2.2,0.0,1748937702537
1748937704322,2025-06-03 16:01:44,BTC-26DEC25-300000-P,109413.93,105234.09,59.26,,,,,,1.74476565,2.56,0.1,0.0,1748937702537
1748937704322,2025-06-03 16:01:44,BTC-20JUN25-100000-C,105517.225,105234.09,40.75,,,0.0555,0.1025,0.079,0.06647562,0.0772,1.0,0.0,1748937702537
1748937704322,2025-06-03 16:01:44,BTC-13JUN25-100000-C,105382.67,105234.09,39.4,,,0.0575,0.06,0.05875,0.05865177,0.057,10.3,0.1,1748937702537
1748937704322,2025-06-03 16:01:44,BTC-26DEC25-260000-P,109413.93,105234.09,57.25,,,,,,1.38160559,,0.0,0.0,1748937702537
1748937704322,2025-06-03 16:01:44,BTC-26DEC25-40000-P,109413.1,105234.09,68.18,,,0.0026,0.0032,0.0029,0.00281585,0.0028,283.3,15.0,1748937702537
1748937704322,2025-06-03 16:01:44,BTC-13JUN25-140000-P,105382.67,105234.09,65.77,,,0.2835,0.379,0.33125,0.32868027,,0.0,0.0,1748937702537
1748937704322,2025-06-03 16:01:44,BTC-25JUL25-96000-P,106216.36,105234.09,44.85,,,0.027,0.0275,0.02725,0.02720726,0.027,215.9,17.3,1748937702537
1748937704322,2025-06-03 16:01:44,BTC-13JUN25-107000-C,105382.67,105234.09,38.87,,,0.0185,0.0195,0.019,0.01890104,0.02,458.3,204.3,1748937702537
1748937704322,2025-06-03 16:01:44,BTC-20JUN25-85000-P,105517.225,105234.09,53.29,,,0.0011,0.0013,0.0012,0.00119957,0.0012,63.0,1.2,1748937702537
1748937704322,2025-06-03 16:01:44,BTC-13JUN25-145000-P,105382.67,105234.09,72.3,,,0.3285,0.4275,0.378,0.37611416,,0.0,0.0,1748937702537
1748937704322,2025-06-03 16:01:44,BTC-27JUN25-82000-P,105653.57,105234.09,53.31,,,0.0013,0.0017,0.0015,0.00149633,0.0015,115.7,0.1,1748937702537
1748937704322,2025-06-03 16:01:44,BTC-25JUL25-126000-P,106216.36,105234.09,45.92,,,,,,0.20239563,,0.0,0.0,1748937702537
1748937704322,2025-06-03 16:01:44,BTC-20JUN25-95000-P,105517.225,105234.09,42.76,,,0.005,0.006,0.0055,0.00556672,0.0055,753.5,32.4,1748937702537
1748937704322,2025-06-03 16:01:44,BTC-20JUN25-108000-C,105519.625,105234.09,40.53,,,0.0245,0.025,0.02475,0.02476769,0.025,201.8,16.8,1748937702537
1748937704322,2025-06-03 16:01:44,BTC-26SEP25-75000-P,107588.75,105234.09,51.06,,,0.0115,0.012,0.01175,0.01179747,0.012,642.3,0.2,1748937702537
1748937704322,2025-06-03 16:01:44,BTC-26DEC25-140000-C,109413.93,105234.09,49.07,,,0.061,0.0625,0.06175,0.06222393,0.0625,1362.4,120.5,1748937702537
1748937704322,2025-06-03 16:01:44,BTC-20JUN25-118000-C,105517.225,105234.09,42.18,,,0.0046,0.0055,0.00505,0.00509282,0.0053,177.7,119.2,1748937702537
1748937704322,2025-06-03 16:01:44,BTC-20JUN25-116000-C,105517.225,105234.09,41.53,,,0.0065,0.0075,0.007,0.00701287,0.0085,35.3,7.9,1748937702537
1748937704322,2025-06-03 16:01:44,BTC-13JUN25-124000-P,105382.67,105234.09,46.27,,,0.168,0.187,0.1775,0.17717501,,0.0,0.0,1748937702537
1748937704322,2025-06-03 16:01:44,BTC-5JUN25-124000-C,105255.06240305418,105234.09,62.41,,,,0.0001,,2.41e-06,,0.0,0.0,1748937702537
1748937704322,2025-06-03 16:01:44,BTC-13JUN25-112000-C,105382.67,105234.09,39.24,,,0.006,0.0065,0.00625,0.00626764,0.0062,216.1,17.0,1748937702537
1748937704322,2025-06-03 16:01:44,BTC-6JUN25-94000-C,105267.07,105234.09,58.12,,,0.106,0.1085,0.10725,0.10732556,0.108,1.6,0.0,1748937702537
1748937704322,2025-06-03 16:01:44,BTC-5JUN25-116000-C,105255.06240305418,105234.09,54.72,,,,0.0002,,0.00011552,0.0001,16.2,22.2,1748937702537
1748937704322,2025-06-03 16:01:44,BTC-29AUG25-126000-P,106977.92,105234.09,46.51,,,0.121,,,0.2116655,,0.0,0.0,1748937702537
1748937704322,2025-06-03 16:01:44,BTC-20JUN25-112000-P,105517.225,105234.09,40.83,,,0.065,0.0825,0.07375,0.07491166,,0.0,0.0,1748937702537
1748937704322,2025-06-03 16:01:44,BTC-26SEP25-140000-C,107588.75,105234.09,48.25,,,0.0265,0.0275,0.027,0.02696575,0.0275,2538.2,443.3,1748937702537
1748937704322,2025-06-03 16:01:44,BTC-27MAR26-340000-P,111132.42,105234.09,59.09,,,,,,2.06527775,,0.0,0.0,1748937702537
1748937704322,2025-06-03 16:01:44,BTC-5JUN25-111000-P,105255.06240305418,105234.09,37.84,,,0.0195,0.093,0.05625,0.05489148,,0.0,0.0,1748937702537
1748937704322,2025-06-03 16:01:44,BTC-4JUN25-106000-C,105244.9413666742,105234.09,33.82,,,0.0039,0.0043,0.0041,0.00406574,0.0042,27.0,23.9,1748937702537
1748937704322,2025-06-03 16:01:44,BTC-25JUL25-92000-P,106216.36,105234.09,45.59,,,0.0175,0.0185,0.018,0.01805244,0.018,686.0,331.8,1748937702537
1748937704322,2025-06-03 16:01:44,BTC-27JUN25-60000-C,105653.57,105234.09,88.76,,,0.431,0.4335,0.43225,0.4324582,0.4515,584.0,0.0,1748937702537
1748937704322,2025-06-03 16:01:44,BTC-5JUN25-108000-C,105255.06240305418,105234.09,35.13,,,0.0021,0.0025,0.0023,0.00223525,0.0021,20.1,21.5,1748937702537
1748937704322,2025-06-03 16:01:44,BTC-27MAR26-110000-P,111132.42,105234.09,49.15,,,0.165,0.45,0.3075,0.16949065,0.1695,34.7,0.0,1748937702537
1748937704322,2025-06-03 16:01:44,BTC-25JUL25-110000-P,106216.56,105234.09,44.47,,,0.0865,0.088,0.08725,0.08737009,0.0933,314.9,12.2,1748937702537
1748937704322,2025-06-03 16:01:44,BTC-4JUN25-120000-C,105244.9413666742,105234.09,59.89,,,,0.0001,,1e-07,,0.0,0.0,1748937702537
1748937704322,2025-06-03 16:01:44,BTC-13JUN25-85000-C,105382.67,105234.09,60.23,,,0.111,0.2025,0.15675,0.19390393,,0.0,0.0,1748937702537
1748937704322,2025-06-03 16:01:44,BTC-4JUN25-108000-C,105244.9413666742,105234.09,36.01,,,0.0006,0.0009,0.00075,0.00074389,0.0007,47.1,25.5,1748937702537
1748937704322,2025-06-03 16:01:44,BTC-29AUG25-40000-C,106977.92,105234.09,84.04,,,,,,0.62677008,,0.0,0.0,1748937702537
1748937704322,2025-06-03 16:01:44,BTC-5JUN25-118000-C,105255.06240305418,105234.09,54.78,,,,0.0002,,3.06e-05,0.0001,0.3,0.3,1748937702537
1748937704322,2025-06-03 16:01:44,BTC-13JUN25-119000-C,105382.67,105234.09,42.47,,,0.0011,0.0015,0.0013,0.00127168,0.001,256.1,1.6,1748937702537
1748937704322,2025-06-03 16:01:44,BTC-13JUN25-118000-C,105382.67,105234.09,41.83,,,0.0014,0.0018,0.0016,0.00157204,0.0015,44.0,3.5,1748937702537
1748937704322,2025-06-03 16:01:44,BTC-6JUN25-122000-C,105267.07,105234.09,58.96,,,,0.0003,,5.002e-05,0.0001,189.2,75.3,1748937702537
1748937704322,2025-06-03 16:01:44,BTC-25JUL25-75000-C,106216.36,105234.09,54.8,,,0.295,0.2995,0.29725,0.29719057,0.2891,20.0,0.0,1748937702537
1748937704322,2025-06-03 16:01:44,BTC-29AUG25-85000-P,106977.92,105234.09,48.05,,,0.0175,0.018,0.01775,0.01800068,0.0165,44.1,25.8,1748937702537
1748937704322,2025-06-03 16:01:44,BTC-25JUL25-94000-C,106216.36,105234.09,45.16,,,0.1345,0.1395,0.137,0.13723188,0.132,227.1,0.5,1748937702537
1748937704322,2025-06-03 16:01:44,BTC-20JUN25-102000-C,105517.225,105234.09,40.44,,,0.0515,0.055,0.05325,0.0534449,0.0615,0.3,0.0,1748937702537
1748937704322,2025-06-03 16:01:44,BTC-13JUN25-113000-P,105382.67,105234.09,39.82,,,0.071,0.0865,0.07875,0.077366,0.05,0.8,0.0,1748937702537
1748937704322,2025-06-03 16:01:44,BTC-27MAR26-70000-C,111132.42,105234.09,51.65,,,,,,0.40086153,0.4,3.7,0.0,1748937702537
1748937704322,2025-06-03 16:01:44,BTC-27JUN25-125000-C,105653.57,105234.09,45.06,,,0.0039,0.0042,0.00405,0.00407014,0.0041,4647.5,81.9,1748937702537
1748937704322,2025-06-03 16:01:44,BTC-13JUN25-114000-P,105382.67,105234.09,39.88,,,0.0715,0.09,0.08075,0.08570096,0.0745,2.2,0.0,1748937702537
1748937704322,2025-06-03 16:01:44,BTC-13JUN25-110000-C,105382.67,105234.09,38.9,,,0.0095,0.0105,0.01,0.00994513,0.01,626.9,132.9,1748937702537
1748937704322,2025-06-03 16:01:44,BTC-5JUN25-98000-P,105255.06240305418,105234.09,49.34,,,0.0003,0.0005,0.0004,0.00033575,0.0004,1.2,1.2,1748937702537
1748937704322,2025-06-03 16:01:44,BTC-27JUN25-140000-P,105653.57,105234.09,51.86,,,0.324,0.3285,0.32625,0.32604106,0.2714,243.9,0.0,1748937702537
1748937704322,2025-06-03 16:01:44,BTC-13JUN25-122000-P,105382.67,105234.09,44.59,,,0.1495,0.168,0.15875,0.15839804,,0.0,0.0,1748937702537
1748937704322,2025-06-03 16:01:44,BTC-26DEC25-80000-P,109413.93,105234.09,50.16,,,0.0355,0.0375,0.0365,0.0362772,0.036,1494.7,0.5,1748937702537
1748937704322,2025-06-03 16:01:44,BTC-26DEC25-280000-C,109413.93,105234.09,58.12,,,0.0033,0.0043,0.0038,0.00383438,0.0042,112.7,0.3,1748937702537
1748937704322,2025-06-03 16:01:44,BTC-26DEC25-180000-C,109413.1,105234.09,51.48,,,0.0225,0.0235,0.023,0.02290536,0.022,1826.9,22.5,1748937702537
1748937704322,2025-06-03 16:01:44,BTC-25JUL25-122000-P,106216.36,105234.09,45.5,,,0.1675,0.1735,0.1705,0.17042635,0.128,6.8,0.0,1748937702537
1748937704322,2025-06-03 16:01:44,BTC-27JUN25-260000-C,105653.57,105234.09,114.87,,,0.0001,0.0002,0.00015,0.00014259,0.0002,661.9,0.0,1748937702537
1748937704322,2025-06-03 16:01:44,BTC-27MAR26-135000-C,111132.42,105234.09,49.84,,,0.105,0.109,0.107,0.10736012,0.1075,41.4,0.0,1748937702537
1748937704322,2025-06-03 16:01:44,BTC-27MAR26-115000-P,111132.42,105234.09,49.23,,,0.087,,,0.19670656,0.1798,29.5,0.0,1748937702537
1748937704322,2025-06-03 16:01:44,BTC-26DEC25-400000-C,109413.93,105234.09,64.66,,,0.0009,0.0013,0.0011,0.00106367,0.0013,418.0,0.0,1748937702537
1748937704322,2025-06-03 16:01:44,BTC-27JUN25-115000-C,105653.57,105234.09,42.81,,,0.014,0.015,0.0145,0.0144372,0.0144,4219.8,20.2,1748937702537
1748937704322,2025-06-03 16:01:44,BTC-26SEP25-125000-P,107588.75,105234.09,47.15,,,0.209,0.2165,0.21275,0.21235459,0.2205,3.5,0.0,1748937702537
1748937704322,2025-06-03 16:01:44,BTC-13JUN25-105000-C,105382.67,105234.09,38.89,,,0.027,0.028,0.0275,0.02748295,0.028,168.9,46.0,1748937702537
1748937704322,2025-06-03 16:01:44,BTC-6JUN25-130000-P,105267.07,105234.09,71.46,,,0.193,0.2805,0.23675,0.23494887,,0.0,0.0,1748937702537
1748937704322,2025-06-03 16:01:44,BTC-27MAR26-190000-P,111132.42,105234.09,51.62,,,,,,0.7466718,,0.0,0.0,1748937702537
1748937704322,2025-06-03 16:01:44,BTC-25JUL25-112000-P,106216.36,105234.09,44.55,,,0.099,0.1,0.0995,0.09944717,0.1053,393.9,5.1,1748937702537
1748937704322,2025-06-03 16:01:44,BTC-25JUL25-108000-C,106216.56,105234.09,44.4,,,0.059,0.0595,0.05925,0.0592634,0.0595,367.7,98.7,1748937702537
1748937704322,2025-06-03 16:01:44,BTC-5JUN25-108000-P,105255.06240305418,105234.09,35.13,,,0.027,0.03,0.0285,0.02830497,,0.0,0.0,1748937702537
1748937704322,2025-06-03 16:01:44,BTC-26SEP25-60000-C,107588.75,105234.09,59.36,,,0.444,0.4485,0.44625,0.446283,0.4685,26.3,0.0,1748937702537
1748937704322,2025-06-03 16:01:44,BTC-25JUL25-110000-C,106216.36,105234.09,44.47,,,0.0515,0.052,0.05175,0.05173794,0.0523,1155.9,94.6,1748937702537
1748937704322,2025-06-03 16:01:44,BTC-13JUN25-155000-P,105382.67,105234.09,73.55,,,0.4605,0.4815,0.471,0.47087236,,0.0,0.0,1748937702537
1748937704322,2025-06-03 16:01:44,BTC-29AUG25-90000-P,106977.92,105234.09,46.77,,,0.0265,0.0275,0.027,0.02704567,0.024,103.8,4.1,1748937702537
1748937704322,2025-06-03 16:01:44,BTC-26SEP25-100000-C,107588.95,105234.09,46.31,,,0.138,0.14,0.139,0.1389404,0.1405,2435.5,5.4,1748937702537
1748937704322,2025-06-03 16:01:44,BTC-27JUN25-240000-P,105653.57,105234.09,107.81,,,1.267,1.2765,1.27175,1.27177246,1.6845,35.3,0.0,1748937702537
1748937704322,2025-06-03 16:01:44,BTC-27MAR26-300000-C,111131.53,105234.09,56.88,,,0.007,0.0095,0.00825,0.00828249,0.0105,108.4,0.0,1748937702537
1748937704322,2025-06-03 16:01:44,BTC-26DEC25-220000-C,109413.1,105234.09,54.37,,,0.01,0.011,0.0105,0.01017513,0.0105,150.5,39.9,1748937702537
1748937704322,2025-06-03 16:01:44,BTC-27MAR26-220000-C,111132.42,105234.09,52.73,,,0.0205,0.0235,0.022,0.02221568,0.023,47.7,16.5,1748937702537
1748937704322,2025-06-03 16:01:44,BTC-6JUN25-99000-C,105267.07,105234.09,44.09,,,0.059,0.062,0.0605,0.06059174,0.0719,2.1,0.0,1748937702537
1748937704322,2025-06-03 16:01:44,BTC-29AUG25-98000-P,106977.92,105234.09,45.98,,,0.0495,0.0505,0.05,0.0500671,0.0495,28.8,7.1,1748937702538
1748937704322,2025-06-03 16:01:44,BTC-27JUN25-105000-P,105653.57,105234.09,41.5,,,0.0385,0.0395,0.039,0.03928227,0.0395,1207.8,317.6,1748937702538
1748937704322,2025-06-03 16:01:44,BTC-26DEC25-120000-P,109413.1,105234.09,48.45,,,0.1415,,,0.20454374,0.2105,143.7,0.0,1748937702538
1748937704322,2025-06-03 16:01:44,BTC-27MAR26-210000-C,111131.53,105234.09,52.35,,,0.0245,0.0275,0.026,0.02617459,0.026,38.0,21.9,1748937702538
1748937704322,2025-06-03 16:01:44,BTC-29AUG25-100000-P,106977.92,105234.09,45.9,,,0.057,0.058,0.0575,0.05755074,0.0566,124.4,50.5,1748937702538
1748937704322,2025-06-03 16:01:44,BTC-26DEC25-160000-C,109413.1,105234.09,50.17,,,0.036,0.0375,0.03675,0.03695352,0.0375,752.3,13.5,1748937702538
1748937704322,2025-06-03 16:01:44,BTC-27MAR26-30000-P,111131.53,105234.09,69.91,,,0.0017,0.0026,0.00215,0.00217272,0.0021,18.3,1.4,1748937702538
1748937704322,2025-06-03 16:01:44,BTC-27MAR26-300000-P,111132.42,105234.09,56.88,,,,,,1.70773588,,0.0,0.0,1748937702538
1748937704322,2025-06-03 16:01:44,BTC-26DEC25-260000-C,109413.1,105234.09,57.25,,,0.005,0.0055,0.00525,0.00534437,0.005,176.7,2.1,1748937702538
1748937704322,2025-06-03 16:01:44,BTC-29AUG25-98000-C,106977.92,105234.09,45.98,,,0.1305,0.1365,0.1335,0.13399812,0.145,1.0,0.0,1748937702538
1748937704322,2025-06-03 16:01:44,BTC-26DEC25-90000-C,109413.93,105234.09,48.98,,,0.2395,,,0.2397888,0.2395,1129.4,2.9,1748937702538
1748937704322,2025-06-03 16:01:44,BTC-27JUN25-92000-P,105653.57,105234.09,44.42,,,0.0055,0.006,0.00575,0.00577591,0.0055,1887.2,122.0,1748937702538
1748937704322,2025-06-03 16:01:44,BTC-4JUN25-103500-P,105244.9413666742,105234.09,36.89,,,0.0017,0.0022,0.00195,0.00204221,,0.0,0.0,1748937702538
1748937704322,2025-06-03 16:01:44,BTC-25JUL25-105000-P,106216.36,105234.09,44.28,,,0.06,0.061,0.0605,0.06065069,0.055,352.2,110.2,1748937702538
1748937704322,2025-06-03 16:01:44,BTC-20JUN25-114000-P,105517.225,105234.09,41.25,,,0.0805,0.1,0.09025,0.09021973,,0.0,0.0,1748937702538
1748937704322,2025-06-03 16:01:44,BTC-20JUN25-109000-P,105517.225,105234.09,40.61,,,0.053,0.0565,0.05475,0.05443402,0.047,11.4,1.0,1748937702538
1748937704322,2025-06-03 16:01:44,BTC-5JUN25-124000-P,105255.06240305418,105234.09,62.41,,,0.169,0.188,0.1785,0.17808246,,0.0,0.0,1748937702538
1748937704322,2025-06-03 16:01:44,BTC-20JUN25-102000-P,105517.225,105234.09,40.44,,,0.0195,0.0205,0.02,0.02010388,0.022,93.7,16.4,1748937702538
1748937704322,2025-06-03 16:01:44,BTC-26DEC25-65000-C,109413.93,105234.09,53.94,,,,,,0.42040813,0.4495,0.9,0.0,1748937702538
1748937704322,2025-06-03 16:01:44,BTC-4JUN25-99000-P,105244.9413666742,105234.09,53.89,,,,0.0002,,0.00014546,0.0001,53.4,53.3,1748937702538
1748937704322,2025-06-03 16:01:44,BTC-27JUN25-250000-P,105653.57,105234.09,110.45,,,1.3615,1.3715,1.3665,1.36638819,1.5805,1.7,0.0,1748937702538
1748937704322,2025-06-03 16:01:44,BTC-20JUN25-140000-C,105517.225,105234.09,53.96,,,0.0002,0.0006,0.0004,0.00033438,0.0004,101.9,72.0,1748937702538
1748937704322,2025-06-03 16:01:44,BTC-27JUN25-90000-P,105653.57,105234.09,45.73,,,0.004,0.0045,0.00425,0.00425485,0.0041,3503.6,46.1,1748937702538
1748937704322,2025-06-03 16:01:44,BTC-26DEC25-105000-P,109413.1,105234.09,48.18,,,0.1205,0.1225,0.1215,0.12144363,0.1155,268.5,1.1,1748937702538
1748937704322,2025-06-03 16:01:44,BTC-25JUL25-135000-P,106216.36,105234.09,47.05,,,,,,0.27915914,,0.0,0.0,1748937702538
1748937704322,2025-06-03 16:01:44,BTC-26SEP25-190000-P,107588.75,105234.09,53.59,,,,,,0.77044592,1.1585,0.7,0.0,1748937702538
1748937704322,2025-06-03 16:01:44,BTC-26SEP25-115000-C,107588.75,105234.09,46.61,,,0.076,0.0775,0.07675,0.0766816,0.0822,969.4,102.1,1748937702538
1748937704322,2025-06-03 16:01:44,BTC-25JUL25-50000-P,106216.36,105234.09,83.44,,,0.0005,0.0007,0.0006,0.00059532,0.0005,106.2,22.6,1748937702538
1748937704322,2025-06-03 16:01:44,BTC-26DEC25-85000-P,109413.1,105234.09,49.46,,,0.0475,0.049,0.04825,0.0479624,0.049,1076.4,0.0,1748937702538
1748937704322,2025-06-03 16:01:44,BTC-26SEP25-200000-C,107588.75,105234.09,55.05,,,0.0034,0.0037,0.00355,0.00348199,0.0035,2834.7,110.5,1748937702538
1748937704322,2025-06-03 16:01:44,BTC-5JUN25-96000-C,105255.06240305418,105234.09,57.32,,,0.0785,0.097,0.08775,0.08815355,,0.0,0.0,1748937702538
1748937704322,2025-06-03 16:01:44,BTC-25JUL25-86000-C,106216.36,105234.09,47.93,,,,,,0.20006243,0.1945,3.3,0.2,1748937702538
1748937704322,2025-06-03 16:01:44,BTC-27JUN25-280000-C,105653.57,105234.09,123.14,,,0.0001,0.0002,0.00015,0.00014259,0.0002,1556.7,0.0,1748937702538
1748937704322,2025-06-03 16:01:44,BTC-5JUN25-109000-C,105255.06240305418,105234.09,35.42,,,0.001,0.0012,0.0011,0.00113044,0.001,12.2,12.3,1748937702538
1748937704322,2025-06-03 16:01:44,BTC-25JUL25-102000-P,106216.36,105234.09,44.38,,,0.047,0.048,0.0475,0.04748031,0.047,310.4,33.3,1748937702538
1748937704322,2025-06-03 16:01:44,BTC-4JUN25-106500-C,105244.9413666742,105234.09,34.29,,,0.0025,0.003,0.00275,0.00275182,,0.0,0.0,1748937702538
1748937704322,2025-06-03 16:01:44,BTC-27MAR26-115000-C,111132.42,105234.09,49.23,,,0.1595,0.1645,0.162,0.16191609,0.1635,134.0,0.5,1748937702538
1748937704322,2025-06-03 16:01:44,BTC-27MAR26-160000-P,111131.53,105234.09,50.49,,,0.1765,,,0.50437788,,0.0,0.0,1748937702538
1748937704322,2025-06-03 16:01:44,BTC-29AUG25-114000-P,106977.92,105234.09,45.89,,,0.126,0.132,0.129,0.12860686,0.12,0.2,0.0,1748937702538
1748937704322,2025-06-03 16:01:44,BTC-29AUG25-160000-C,106977.92,105234.09,49.72,,,0.0055,0.0065,0.006,0.0059734,0.006,31.9,0.1,1748937702540
1748937704322,2025-06-03 16:01:44,BTC-27MAR26-105000-P,111132.42,105234.09,49.12,,,0.1415,0.1465,0.144,0.14426345,0.1485,39.6,0.6,1748937702540
1748937704322,2025-06-03 16:01:44,BTC-25JUL25-115000-C,106216.36,105234.09,44.81,,,0.036,0.0365,0.03625,0.03641446,0.037,1774.3,48.7,1748937702540
1748937704322,2025-06-03 16:01:44,BTC-13JUN25-116000-P,105382.67,105234.09,40.87,,,0.094,0.112,0.103,0.10325244,,0.0,0.0,1748937702540
1748937704322,2025-06-03 16:01:44,BTC-29AUG25-145000-P,106977.92,105234.09,48.04,,,,,,0.3678743,,0.0,0.0,1748937702540
1748937704322,2025-06-03 16:01:44,BTC-13JUN25-135000-C,105382.67,105234.09,59.12,,,0.0001,0.0003,0.0002,0.00020131,0.0003,88.7,12.3,1748937702540
1748937704322,2025-06-03 16:01:44,BTC-25JUL25-170000-C,106216.36,105234.09,54.18,,,0.0008,0.0011,0.00095,0.00094324,0.0009,229.8,101.4,1748937702540
1748937704322,2025-06-03 16:01:44,BTC-25JUL25-150000-P,106216.36,105234.09,49.54,,,,,,0.41503867,,0.0,0.0,1748937702540
1748937704322,2025-06-03 16:01:44,BTC-26DEC25-75000-C,109413.93,105234.09,51.22,,,0.199,,,0.34170777,0.3715,20.6,0.0,1748937702540
1748937704322,2025-06-03 16:01:44,BTC-13JUN25-118000-P,105382.67,105234.09,41.83,,,0.0001,0.1305,0.0653,0.12130966,0.097,0.2,0.0,1748937702540
1748937704322,2025-06-03 16:01:44,BTC-25JUL25-40000-P,106216.36,105234.09,99.28,,,0.0002,0.0005,0.00035,0.00032513,0.0004,82.1,0.0,1748937702540
1748937704322,2025-06-03 16:01:44,BTC-4JUN25-99000-C,105244.9413666742,105234.09,53.89,,,0.0505,0.0695,0.06,0.05948267,,0.0,0.0,1748937702540
1748937704322,2025-06-03 16:01:44,BTC-27JUN25-400000-P,105653.57,105234.09,134.68,,,2.7765,2.7965,2.7865,2.78600189,3.476,0.1,0.0,1748937702540
1748937704322,2025-06-03 16:01:44,BTC-20JUN25-145000-C,105517.225,105234.09,57.62,,,0.0002,0.0005,0.00035,0.00024488,0.0002,17.9,0.1,1748937702540
1748937704322,2025-06-03 16:01:44,BTC-29AUG25-124000-P,106977.92,105234.09,46.34,,,0.109,,,0.19664683,,0.0,0.0,1748937702540
1748937704322,2025-06-03 16:01:44,BTC-26SEP25-150000-C,107588.75,105234.09,49.13,,,0.0175,0.0185,0.018,0.01796494,0.018,3248.0,293.0,1748937702540
1748937704322,2025-06-03 16:01:44,BTC-13JUN25-100000-P,105382.67,105234.09,39.4,,,0.007,0.008,0.0075,0.00758196,0.007,586.6,51.5,1748937702540
1748937704322,2025-06-03 16:01:44,BTC-20JUN25-109000-C,105517.225,105234.09,40.61,,,0.021,0.022,0.0215,0.0214357,0.0225,115.3,16.0,1748937702540
1748937704322,2025-06-03 16:01:44,BTC-27MAR26-60000-P,111132.42,105234.09,54.04,,,0.016,0.018,0.017,0.01722374,0.018,82.3,1.4,1748937702540
1748937704322,2025-06-03 16:01:44,BTC-27MAR26-190000-C,111131.53,105234.09,51.62,,,0.035,0.0385,0.03675,0.03701799,0.0355,547.9,62.3,1748937702540
1748937704322,2025-06-03 16:01:44,BTC-6JUN25-111000-P,105267.07,105234.09,38.65,,,0.054,0.057,0.0555,0.05547012,0.066,237.1,1.0,1748937702540
1748937704322,2025-06-03 16:01:44,BTC-20JUN25-112000-C,105517.225,105234.09,40.83,,,0.013,0.0135,0.01325,0.01348219,0.012,83.1,6.6,1748937702540
1748937704322,2025-06-03 16:01:44,BTC-27JUN25-95000-P,105653.57,105234.09,42.9,,,0.009,0.0095,0.00925,0.00925833,0.0095,3038.1,344.3,1748937702540
1748937704322,2025-06-03 16:01:44,BTC-13JUN25-102000-C,105382.67,105234.09,39.14,,,0.0375,0.046,0.04175,0.04462302,0.046,1.5,0.0,1748937702540
1748937704322,2025-06-03 16:01:44,BTC-27JUN25-102000-P,105653.57,105234.09,41.4,,,0.026,0.027,0.0265,0.02657835,0.0258,2053.7,632.2,1748937702540
1748937704322,2025-06-03 16:01:44,BTC-25JUL25-118000-P,106216.36,105234.09,45.08,,,0.1375,0.1435,0.1405,0.14024671,0.149,23.0,0.0,1748937702540
1748937704322,2025-06-03 16:01:44,BTC-27JUN25-95000-C,105653.57,105234.09,42.9,,,0.1085,0.1115,0.11,0.110085,0.1109,1987.4,25.3,1748937702540
1748937704322,2025-06-03 16:01:44,BTC-26DEC25-240000-P,109413.93,105234.09,55.58,,,,,,1.20053069,1.2635,0.1,0.0,1748937702540
1748937704322,2025-06-03 16:01:44,BTC-6JUN25-115000-P,105267.07,105234.09,46.39,,,0.0915,0.0945,0.093,0.09272749,0.093,6.9,0.0,1748937702540
1748937704322,2025-06-03 16:01:44,BTC-26DEC25-230000-P,109413.93,105234.09,54.92,,,,,,1.11046209,,0.0,0.0,1748937702540
1748937704322,2025-06-03 16:01:44,BTC-6JUN25-109000-P,105267.07,105234.09,37.25,,,0.037,0.0395,0.03825,0.03814219,0.048,174.5,1.0,1748937702540
1748937704322,2025-06-03 16:01:44,BTC-13JUN25-115000-P,105382.67,105234.09,40.23,,,0.093,0.096,0.0945,0.09435633,0.112,11.1,0.0,1748937702540
1748937704322,2025-06-03 16:01:44,BTC-27JUN25-88000-C,105653.57,105234.09,47.12,,,0.169,0.1715,0.17025,0.17021429,0.18,17.0,0.0,1748937702540
1748937704322,2025-06-03 16:01:44,BTC-4JUN25-96000-C,105244.9413666742,105234.09,61.35,,,0.0785,0.0965,0.0875,0.08786084,,0.0,0.0,1748937702540
1748937704322,2025-06-03 16:01:44,BTC-13JUN25-117000-C,105382.67,105234.09,41.43,,,0.0019,0.0022,0.00205,0.00199785,0.0019,81.4,12.7,1748937702540
1748937704322,2025-06-03 16:01:44,BTC-20JUN25-100000-P,105517.225,105234.09,40.75,,,0.0135,0.0145,0.014,0.01418051,0.0135,110.0,56.3,1748937702540
1748937704322,2025-06-03 16:01:44,BTC-27MAR26-95000-C,111132.42,105234.09,49.27,,,,0.5445,,0.2455378,0.2425,139.2,2.9,1748937702540
1748937704322,2025-06-03 16:01:44,BTC-27JUN25-190000-C,105653.57,105234.09,80.38,,,0.0001,0.0003,0.0002,0.00017853,0.0004,378.3,5.0,1748937702540
1748937704322,2025-06-03 16:01:44,BTC-27JUN25-75000-P,105653.57,105234.09,62.1,,,0.0007,0.0009,0.0008,0.00074894,0.0009,2066.4,0.7,1748937702540
1748937704322,2025-06-03 16:01:44,BTC-5JUN25-110000-C,105255.06240305418,105234.09,36.54,,,0.0006,0.0008,0.0007,0.00059808,0.0006,5.8,6.8,1748937702540
1748937704322,2025-06-03 16:01:44,BTC-26SEP25-170000-C,107588.75,105234.09,51.08,,,0.008,0.009,0.0085,0.00839826,0.0085,224.0,22.8,1748937702540
1748937704322,2025-06-03 16:01:44,BTC-13JUN25-145000-C,105382.67,105234.09,72.3,,,,0.0003,,0.00016538,0.0002,43.7,0.0,1748937702540
1748937704322,2025-06-03 16:01:44,BTC-25JUL25-40000-C,106216.36,105234.09,99.28,,,0.6225,0.625,0.62375,0.62373163,0.632,12.0,0.0,1748937702540
1748937704322,2025-06-03 16:01:44,BTC-26DEC25-125000-P,109413.93,105234.09,48.48,,,0.104,,,0.23611289,0.244,2.2,0.0,1748937702540
1748937704322,2025-06-03 16:01:44,BTC-26SEP25-120000-P,107588.75,105234.09,46.89,,,0.1745,0.182,0.17825,0.17773333,0.189,159.1,0.0,1748937702540
1748937704322,2025-06-03 16:01:44,BTC-27JUN25-125000-P,105653.57,105234.09,45.06,,,0.185,0.1895,0.18725,0.18719294,0.178,17.0,0.0,1748937702540
1748937704322,2025-06-03 16:01:44,BTC-29AUG25-112000-C,106977.92,105234.09,45.79,,,0.0685,0.0705,0.0695,0.06953071,0.074,0.4,0.0,1748937702541
1748937704322,2025-06-03 16:01:44,BTC-20JUN25-150000-P,105517.225,105234.09,62.0,,,0.4115,0.432,0.42175,0.42176987,,0.0,0.0,1748937702541
1748937704322,2025-06-03 16:01:44,BTC-27JUN25-101000-P,105653.57,105234.09,41.44,,,0.0225,0.0235,0.023,0.02308728,0.021,107.1,18.1,1748937702541
1748937704322,2025-06-03 16:01:44,BTC-13JUN25-110000-P,105382.67,105234.09,38.9,,,0.0515,0.0555,0.0535,0.05376834,0.0445,38.4,13.7,1748937702541
1748937704322,2025-06-03 16:01:44,BTC-27JUN25-108000-P,105653.57,105234.09,41.73,,,0.0545,0.0555,0.055,0.05515713,0.0545,2240.2,9.4,1748937702541
1748937704322,2025-06-03 16:01:44,BTC-27JUN25-100000-C,105653.57,105234.09,41.45,,,0.071,0.0745,0.07275,0.07338926,0.0745,3548.6,47.6,1748937702541
1748937704322,2025-06-03 16:01:44,BTC-27JUN25-112000-P,105653.57,105234.09,42.36,,,0.0795,0.083,0.08125,0.08093026,0.0705,74.8,0.2,1748937702541
1748937704322,2025-06-03 16:01:44,BTC-29AUG25-60000-P,106977.92,105234.09,62.38,,,0.0023,0.0028,0.00255,0.00250647,0.0025,6.2,1.0,1748937702541
1748937704322,2025-06-03 16:01:44,BTC-13JUN25-95000-P,105382.67,105234.09,43.59,,,0.0021,0.0025,0.0023,0.00231097,0.002,1373.9,98.7,1748937702541
1748937704322,2025-06-03 16:01:44,BTC-27MAR26-200000-C,111131.53,105234.09,51.99,,,0.029,0.032,0.0305,0.03104787,0.0305,188.5,4.3,1748937702541
1748937704322,2025-06-03 16:01:44,BTC-27JUN25-45000-C,105653.57,105234.09,117.58,,,0.573,0.5755,0.57425,0.57420942,0.577,41.7,0.0,1748937702541
1748937704322,2025-06-03 16:01:44,BTC-29AUG25-95000-C,106977.92,105234.09,46.16,,,0.1,,,0.15211034,,0.0,0.0,1748937702541
1748937704322,2025-06-03 16:01:44,BTC-5JUN25-102000-C,105255.06240305418,105234.09,37.55,,,0.031,0.034,0.0325,0.03269942,0.044,0.4,0.4,1748937702541
1748937704322,2025-06-03 16:01:44,BTC-26DEC25-50000-C,109413.93,105234.09,61.16,,,,,,0.54853391,0.56,10.6,0.0,1748937702541
1748937704322,2025-06-03 16:01:44,BTC-20JUN25-113000-P,105517.225,105234.09,40.9,,,0.0805,0.084,0.08225,0.08234646,0.0731,200.0,0.0,1748937702541
1748937704322,2025-06-03 16:01:44,BTC-13JUN25-119000-P,105382.67,105234.09,42.47,,,0.0001,0.14,0.07005,0.13049861,0.1125,0.1,0.0,1748937702541
1748937704322,2025-06-03 16:01:44,BTC-13JUN25-105000-P,105382.67,105234.09,38.89,,,0.0235,0.024,0.02375,0.02385965,0.0235,97.6,65.5,1748937702541
1748937704322,2025-06-03 16:01:44,BTC-20JUN25-98000-C,105517.225,105234.09,41.39,,,0.0715,0.09,0.08075,0.08109561,0.0785,2.0,1.0,1748937702541
1748937704322,2025-06-03 16:01:44,BTC-6JUN25-80000-P,105267.07,105234.09,98.44,,,,0.0001,,2.262e-05,0.0001,469.7,2.1,1748937702541
1748937704322,2025-06-03 16:01:44,BTC-26DEC25-190000-C,109413.93,105234.09,52.21,,,0.018,0.019,0.0185,0.01841241,0.0185,446.3,44.4,1748937702541
1748937704322,2025-06-03 16:01:44,BTC-5JUN25-105000-P,105255.06240305418,105234.09,34.74,,,0.0085,0.0095,0.009,0.00907261,0.009,8.1,9.9,1748937702541
1748937704322,2025-06-03 16:01:44,BTC-6JUN25-113000-C,105267.07,105234.09,42.04,,,0.0004,0.0006,0.0005,0.00048407,0.0007,249.2,8.3,1748937702541
1748937704322,2025-06-03 16:01:44,BTC-6JUN25-114000-C,105267.07,105234.09,43.79,,,0.0003,0.0004,0.00035,0.00034338,0.0007,712.6,3.0,1748937702541
1748937704322,2025-06-03 16:01:44,BTC-6JUN25-122000-P,105267.07,105234.09,58.96,,,0.15,0.1685,0.15925,0.15899197,,0.0,0.0,1748937702541
1748937704322,2025-06-03 16:01:44,BTC-26SEP25-40000-C,107588.75,105234.09,77.68,,,0.6275,0.631,0.62925,0.62926369,0.637,10.6,0.0,1748937702541
1748937704322,2025-06-03 16:01:44,BTC-27MAR26-320000-P,111131.53,105234.09,58.33,,,,,,1.88659915,,0.0,0.0,1748937702541
1748937704322,2025-06-03 16:01:44,BTC-27JUN25-55000-P,105653.57,105234.09,94.12,,,0.0001,0.0003,0.0002,0.00018056,0.0002,1710.4,11.0,1748937702541
1748937704322,2025-06-03 16:01:44,BTC-27JUN25-55000-C,105653.57,105234.09,94.12,,,0.478,0.4805,0.47925,0.47960652,0.4785,41.1,0.0,1748937702541
1748937704322,2025-06-03 16:01:44,BTC-26DEC25-320000-P,109413.1,105234.09,60.46,,,,,,1.92694273,,0.0,0.0,1748937702541
1748937704322,2025-06-03 16:01:44,BTC-20JUN25-120000-P,105517.225,105234.09,42.46,,,0.101,0.1855,0.14325,0.14079982,0.1395,0.2,0.1,1748937702541
1748937704322,2025-06-03 16:01:44,BTC-29AUG25-118000-C,106977.92,105234.09,46.02,,,0.0505,0.052,0.05125,0.05130506,0.052,47.7,0.5,1748937702541
1748937704322,2025-06-03 16:01:44,BTC-27JUN25-112000-C,105653.57,105234.09,42.36,,,0.0205,0.021,0.02075,0.02085223,0.021,701.9,334.4,1748937702541
1748937704322,2025-06-03 16:01:44,BTC-6JUN25-135000-C,105267.07,105234.09,71.96,,,,0.0001,,1.18e-06,0.0001,268.0,0.0,1748937702541
1748937704322,2025-06-03 16:01:44,BTC-6JUN25-120000-C,105267.07,105234.09,57.98,,,,0.0003,,0.00011513,0.0002,799.0,65.8,1748937702541
1748937704322,2025-06-03 16:01:44,BTC-27MAR26-210000-P,111131.53,105234.09,52.35,,,,,,0.91579196,,0.0,0.0,1748937702541
1748937704322,2025-06-03 16:01:44,BTC-6JUN25-110000-C,105266.18,105234.09,37.81,,,0.0015,0.0018,0.00165,0.00165292,0.0016,1037.1,88.5,1748937702541
1748937704322,2025-06-03 16:01:44,BTC-4JUN25-116000-P,105244.9413666742,105234.09,51.68,,,0.0925,0.1125,0.1025,0.10219185,,0.0,0.0,1748937702541
1748937704322,2025-06-03 16:01:44,BTC-4JUN25-94000-P,105244.9413666742,105234.09,64.45,,,,0.0001,,3.32e-06,0.0001,8.2,1.0,1748937702541
1748937704322,2025-06-03 16:01:44,BTC-20JUN25-108000-P,105517.225,105234.09,40.53,,,0.0475,0.0485,0.048,0.04828896,0.0455,209.2,0.9,1748937702541
1748937704322,2025-06-03 16:01:44,BTC-5JUN25-101000-P,105257.39578030494,105234.09,40.25,,,0.001,0.0012,0.0011,0.00110348,0.0011,2.2,2.4,1748937702541
1748937704322,2025-06-03 16:01:44,BTC-29AUG25-106000-P,106977.92,105234.09,45.81,,,0.0835,0.085,0.08425,0.08412576,0.0825,185.7,131.1,1748937702541
1748937704322,2025-06-03 16:01:44,BTC-26DEC25-110000-P,109413.1,105234.09,48.19,,,0.143,0.42,0.2815,0.14672348,0.1485,227.3,0.0,1748937702541
1748937704322,2025-06-03 16:01:44,BTC-6JUN25-96000-P,105267.07,105234.09,52.83,,,0.0003,0.0006,0.00045,0.00047371,0.0005,575.0,370.9,1748937702541
1748937704322,2025-06-03 16:01:44,BTC-20JUN25-106000-P,105517.225,105234.09,40.37,,,0.0365,0.0375,0.037,0.03715605,0.0315,18.7,4.1,1748937702541
1748937704322,2025-06-03 16:01:44,BTC-29AUG25-122000-P,106977.92,105234.09,46.24,,,0.179,0.186,0.1825,0.18213419,,0.0,0.0,1748937702541
1748937704322,2025-06-03 16:01:44,BTC-4JUN25-111000-P,105244.9413666742,105234.09,45.23,,,0.0014,0.065,0.0332,0.05478526,,0.0,0.0,1748937702541
1748937704322,2025-06-03 16:01:44,BTC-4JUN25-105000-C,105244.9413666742,105234.09,34.19,,,0.008,0.0085,0.00825,0.00835,0.008,23.3,20.2,1748937702541
1748937704322,2025-06-03 16:01:44,BTC-20JUN25-113000-C,105517.225,105234.09,40.9,,,0.011,0.012,0.0115,0.01143994,0.012,66.4,16.2,1748937702541
1748937704322,2025-06-03 16:01:44,BTC-27MAR26-340000-C,111132.42,105234.09,59.09,,,0.0055,0.0065,0.006,0.00589724,0.0065,15.1,0.0,1748937702541
1748937704322,2025-06-03 16:01:44,BTC-29AUG25-135000-C,106977.92,105234.09,47.12,,,0.0205,0.0215,0.021,0.02098957,0.019,59.0,18.3,1748937702541
1748937704322,2025-06-03 16:01:44,BTC-5JUN25-112000-C,105255.06240305418,105234.09,39.48,,,0.0001,0.0003,0.0002,0.00018145,0.0002,13.8,13.8,1748937702541
1748937704322,2025-06-03 16:01:44,BTC-4JUN25-110000-C,105244.9413666742,105234.09,40.63,,,,0.0002,,0.00014888,0.0001,70.8,82.1,1748937702541
1748937704322,2025-06-03 16:01:44,BTC-20JUN25-130000-C,105517.225,105234.09,46.77,,,0.0007,0.001,0.00085,0.00079229,0.0007,55.3,2.0,1748937702541
1748937704322,2025-06-03 16:01:44,BTC-6JUN25-96000-C,105267.07,105234.09,52.83,,,0.087,0.09,0.0885,0.08851938,0.091,1.6,0.0,1748937702541
1748937704322,2025-06-03 16:01:44,BTC-5JUN25-116000-P,105255.06240305418,105234.09,54.72,,,0.0925,0.111,0.10175,0.1021904,,0.0,0.0,1748937702541
1748937704322,2025-06-03 16:01:44,BTC-25JUL25-160000-C,106216.36,105234.09,51.85,,,0.0013,0.0017,0.0015,0.00157654,0.0015,236.4,9.7,1748937702541
1748937704322,2025-06-03 16:01:44,BTC-27JUN25-40000-C,105653.57,105234.09,120.68,,,0.6205,0.6225,0.6215,0.62144442,0.6316,81.9,0.0,1748937702541
1748937704322,2025-06-03 16:01:44,BTC-6JUN25-113000-P,105267.07,105234.09,42.04,,,0.0725,0.0755,0.074,0.07393031,0.0445,13.9,0.0,1748937702541
1748937704322,2025-06-03 16:01:44,BTC-4JUN25-112000-P,105244.9413666742,105234.09,46.03,,,0.045,0.074,0.0595,0.06422244,,0.0,0.0,1748937702541
1748937704322,2025-06-03 16:01:44,BTC-4JUN25-110000-P,105244.9413666742,105234.09,40.63,,,0.035,0.0835,0.05925,0.04532975,,0.0,0.0,1748937702541
1748937704322,2025-06-03 16:01:44,BTC-25JUL25-84000-P,106216.36,105234.09,49.04,,,0.0075,0.0085,0.008,0.00800156,0.0075,273.1,7.7,1748937702541
1748937704322,2025-06-03 16:01:44,BTC-6JUN25-119000-C,105267.07,105234.09,55.99,,,,0.0003,,0.00013985,0.0001,206.1,4.6,1748937702541
1748937704322,2025-06-03 16:01:44,BTC-27JUN25-170000-C,105653.57,105234.09,70.07,,,0.0002,0.0004,0.0003,0.0002856,0.0003,1365.0,0.1,1748937702541
1748937704322,2025-06-03 16:01:44,BTC-25JUL25-106000-C,106216.36,105234.09,44.31,,,0.067,0.068,0.0675,0.06759775,0.0685,306.9,17.3,1748937702541
1748937704322,2025-06-03 16:01:44,BTC-13JUN25-150000-P,105382.67,105234.09,72.79,,,0.4135,0.434,0.42375,0.42346526,,0.0,0.0,1748937702541
1748937704322,2025-06-03 16:01:44,BTC-27MAR26-75000-P,111131.53,105234.09,51.0,,,0.039,0.042,0.0405,0.04055456,0.037,123.9,46.6,1748937702541
1748937704322,2025-06-03 16:01:44,BTC-13JUN25-122000-C,105382.67,105234.09,44.59,,,0.0006,0.0009,0.00075,0.0007032,0.0007,392.6,1.0,1748937702541
1748937704322,2025-06-03 16:01:44,BTC-13JUN25-88000-P,105382.67,105234.09,54.15,,,0.0005,0.0009,0.0007,0.00067436,0.0007,43.0,5.3,1748937702541
1748937704322,2025-06-03 16:01:44,BTC-26SEP25-280000-C,107588.75,105234.09,63.51,,,0.0005,0.0008,0.00065,0.00063545,0.0011,1167.5,0.0,1748937702541
1748937704322,2025-06-03 16:01:44,BTC-27JUN25-75000-C,105653.57,105234.09,62.1,,,0.2895,0.292,0.29075,0.29087526,0.283,570.4,0.1,1748937702541
1748937704322,2025-06-03 16:01:44,BTC-20JUN25-116000-P,105517.225,105234.09,41.53,,,0.097,0.116,0.1065,0.10635054,,0.0,0.0,1748937702541
1748937704322,2025-06-03 16:01:44,BTC-26SEP25-400000-C,107588.75,105234.09,76.02,,,0.0001,0.0005,0.0003,0.00023389,0.0003,313.8,0.0,1748937702541
1748937704322,2025-06-03 16:01:44,BTC-26DEC25-320000-C,109413.93,105234.09,60.46,,,0.002,0.0024,0.0022,0.00231353,0.0025,119.3,0.2,1748937702541
1748937704322,2025-06-03 16:01:44,BTC-6JUN25-101000-P,105267.07,105234.09,40.09,,,0.002,0.0024,0.0022,0.0022597,0.0019,473.1,37.6,1748937702541
1748937704322,2025-06-03 16:01:44,BTC-27JUN25-190000-P,105653.57,105234.09,80.38,,,0.795,0.802,0.7985,0.79852519,1.2355,5.5,0.0,1748937702541
1748937704322,2025-06-03 16:01:44,BTC-29AUG25-70000-P,106977.92,105234.09,55.07,,,0.005,0.0055,0.00525,0.00529177,0.0049,93.5,37.0,1748937702541
1748937704322,2025-06-03 16:01:44,BTC-26SEP25-150000-P,107588.75,105234.09,49.13,,,0.408,0.417,0.4125,0.41214215,0.4185,8.4,0.0,1748937702541
1748937704322,2025-06-03 16:01:44,BTC-27JUN25-110000-P,105653.57,105234.09,42.06,,,0.0665,0.07,0.06825,0.06749517,0.06,531.8,11.9,1748937702541
1748937704322,2025-06-03 16:01:44,BTC-29AUG25-180000-P,106977.92,105234.09,52.51,,,,,,0.68516621,,0.0,0.0,1748937702541
1748937704322,2025-06-03 16:01:44,BTC-5JUN25-100000-P,105255.06240305418,105234.09,42.96,,,0.0006,0.0008,0.0007,0.0007011,0.0006,9.4,9.5,1748937702541
1748937704322,2025-06-03 16:01:44,BTC-29AUG25-114000-C,106977.92,105234.09,45.89,,,0.0625,0.0635,0.063,0.0629756,0.0675,25.5,0.0,1748937702541
1748937704322,2025-06-03 16:01:44,BTC-20JUN25-130000-P,105517.225,105234.09,46.77,,,0.2235,0.2425,0.233,0.23280864,,0.0,0.0,1748937702541
1748937704322,2025-06-03 16:01:44,BTC-5JUN25-102000-P,105255.06240305418,105234.09,37.55,,,0.0016,0.0018,0.0017,0.00176526,0.0016,20.2,20.6,1748937702541
1748937704322,2025-06-03 16:01:44,BTC-25JUL25-90000-P,106216.36,105234.09,46.12,,,0.0145,0.015,0.01475,0.01459309,0.014,606.1,26.3,1748937702541
1748937704322,2025-06-03 16:01:44,BTC-13JUN25-140000-C,105382.67,105234.09,65.77,,,,0.0003,,0.000178,0.0001,71.6,0.1,1748937702541
1748937704322,2025-06-03 16:01:44,BTC-26SEP25-110000-P,107588.75,105234.09,46.4,,,0.116,0.118,0.117,0.11635604,0.1163,608.7,14.9,1748937702541
1748937704322,2025-06-03 16:01:44,BTC-4JUN25-98000-P,105244.9413666742,105234.09,59.44,,,,0.0001,,0.00011173,0.0001,14.7,13.6,1748937702541
1748937704322,2025-06-03 16:01:44,BTC-6JUN25-98000-C,105267.07,105234.09,46.83,,,0.0685,0.071,0.06975,0.06982239,0.0735,16.8,0.0,1748937702541
1748937704322,2025-06-03 16:01:44,BTC-13JUN25-95000-C,105382.67,105234.09,43.59,,,0.099,0.102,0.1005,0.10082729,0.099,10.0,0.0,1748937702541
1748937704322,2025-06-03 16:01:44,BTC-26SEP25-190000-C,107588.75,105234.09,53.59,,,0.0043,0.0047,0.0045,0.00448812,0.0046,489.5,36.9,1748937702541
1748937704322,2025-06-03 16:01:44,BTC-26SEP25-180000-P,107588.75,105234.09,52.19,,,0.674,0.6845,0.67925,0.67898929,1.085,8.1,0.0,1748937702541
1748937704322,2025-06-03 16:01:44,BTC-27MAR26-60000-C,111132.42,105234.09,54.04,,,,0.73,,0.47733307,0.512,4.7,0.0,1748937702541
1748937704322,2025-06-03 16:01:44,BTC-5JUN25-114000-P,105255.06240305418,105234.09,48.51,,,0.0735,0.093,0.08325,0.08324455,,0.0,0.0,1748937702541
1748937704322,2025-06-03 16:01:44,BTC-6JUN25-97000-P,105267.07,105234.09,50.27,,,0.0005,0.0007,0.0006,0.0006316,0.0005,465.7,20.9,1748937702541
1748937704322,2025-06-03 16:01:44,BTC-27JUN25-130000-P,105653.57,105234.09,47.07,,,0.2305,0.235,0.23275,0.23278603,0.179,54.9,0.0,1748937702541
1748937704322,2025-06-03 16:01:44,BTC-26DEC25-100000-P,109413.93,105234.09,48.33,,,0.0985,0.1,0.09925,0.09899994,0.0975,340.0,20.0,1748937702541
1748937704322,2025-06-03 16:01:44,BTC-27JUN25-180000-P,105653.57,105234.09,74.92,,,0.701,0.7075,0.70425,0.70390471,0.709,20.2,0.0,1748937702541
1748937704322,2025-06-03 16:01:44,BTC-25JUL25-200000-C,106216.36,105234.09,61.8,,,0.0002,0.0005,0.00035,0.00032324,0.0004,406.8,25.3,1748937702541
1748937704322,2025-06-03 16:01:44,BTC-6JUN25-116000-P,105267.07,105234.09,50.22,,,0.0001,0.1115,0.0558,0.10222719,0.097,0.1,0.0,1748937702541
1748937704322,2025-06-03 16:01:44,BTC-13JUN25-106000-C,105382.67,105234.09,38.82,,,0.0225,0.0235,0.023,0.02287743,0.0225,276.5,66.8,1748937702541
1748937704322,2025-06-03 16:01:44,BTC-29AUG25-104000-P,106977.92,105234.09,45.77,,,0.074,0.0755,0.07475,0.07450009,0.074,92.3,14.3,1748937702541
1748937704322,2025-06-03 16:01:44,BTC-13JUN25-109000-P,105382.67,105234.09,38.88,,,0.0455,0.0485,0.047,0.04678768,0.0495,42.8,1.0,1748937702541
1748937704322,2025-06-03 16:01:44,BTC-26SEP25-300000-P,107588.75,105234.09,67.38,,,,,,1.78898988,1.735,0.4,0.0,1748937702541
1748937704322,2025-06-03 16:01:44,BTC-27JUN25-82000-C,105653.57,105234.09,53.31,,,0.13,0.234,0.182,0.22536777,0.2325,0.2,0.0,1748937702541
1748937704322,2025-06-03 16:01:44,BTC-27JUN25-70000-P,105653.37,105234.09,70.71,,,0.0005,0.0008,0.00065,0.00058689,0.0006,2510.8,20.2,1748937702541
1748937704322,2025-06-03 16:01:44,BTC-20JUN25-155000-C,105517.225,105234.09,65.84,,,,0.0003,,0.00017826,0.0001,161.6,37.6,1748937702541
1748937704322,2025-06-03 16:01:44,BTC-29AUG25-90000-C,106977.92,105234.09,46.77,,,0.1825,0.188,0.18525,0.18575783,0.1804,14.0,0.0,1748937702541
1748937704322,2025-06-03 16:01:44,BTC-29AUG25-150000-C,106977.92,105234.09,48.64,,,0.009,0.01,0.0095,0.00974309,0.0095,53.1,5.2,1748937702541
1748937704322,2025-06-03 16:01:44,BTC-26DEC25-105000-C,109413.1,105234.09,48.18,,,0.1615,0.163,0.16225,0.16179968,0.1625,937.0,12.0,1748937702541
1748937704322,2025-06-03 16:01:44,BTC-27MAR26-170000-C,111132.42,105234.09,50.87,,,0.0515,0.055,0.05325,0.05341816,0.0515,37.5,5.7,1748937702541
1748937704322,2025-06-03 16:01:44,BTC-26DEC25-70000-C,109413.93,105234.09,52.42,,,0.199,,,0.38017722,0.3495,13.5,0.0,1748937702542
1748937704322,2025-06-03 16:01:44,BTC-27MAR26-140000-C,111132.42,105234.09,49.9,,,0.0945,0.099,0.09675,0.09665003,0.0965,559.8,0.2,1748937702542
1748937704322,2025-06-03 16:01:44,BTC-29AUG25-150000-P,106977.92,105234.09,48.64,,,,,,0.41188949,,0.0,0.0,1748937702542
1748937704322,2025-06-03 16:01:44,BTC-4JUN25-105500-P,105244.9413666742,105234.09,33.99,,,0.008,0.009,0.0085,0.00837942,,0.0,0.0,1748937702542
1748937704322,2025-06-03 16:01:44,BTC-6JUN25-111000-C,105267.07,105234.09,38.65,,,0.0009,0.0012,0.00105,0.00102293,0.0012,780.7,38.9,1748937702542
1748937704322,2025-06-03 16:01:44,BTC-6JUN25-98000-P,105267.07,105234.09,46.83,,,0.0006,0.0009,0.00075,0.00077577,0.0009,1875.7,379.9,1748937702542
1748937704322,2025-06-03 16:01:44,BTC-6JUN25-94000-P,105267.07,105234.09,58.12,,,0.0002,0.0004,0.0003,0.00028084,0.0003,472.4,13.3,1748937702542
1748937704322,2025-06-03 16:01:44,BTC-6JUN25-97000-C,105267.07,105234.09,50.27,,,0.078,0.0805,0.07925,0.07917775,0.0725,303.7,0.0,1748937702542
1748937704322,2025-06-03 16:01:44,BTC-25JUL25-105000-C,106216.36,105234.09,44.28,,,0.0715,0.0725,0.072,0.07209274,0.074,96.0,20.9,1748937702542
1748937704322,2025-06-03 16:01:44,BTC-25JUL25-135000-C,106216.36,105234.09,47.05,,,0.0075,0.0085,0.008,0.00815604,0.008,1831.9,219.1,1748937702542
1748937704322,2025-06-03 16:01:44,BTC-20JUN25-104000-C,105517.225,105234.09,40.26,,,0.042,0.0425,0.04225,0.04207418,0.0485,26.4,13.7,1748937702542
1748937704322,2025-06-03 16:01:44,BTC-6JUN25-115000-C,105266.18,105234.09,46.39,,,0.0002,0.0005,0.00035,0.0002822,0.0004,2492.7,26.1,1748937702542
1748937704322,2025-06-03 16:01:44,BTC-27MAR26-50000-C,111132.42,105234.09,57.62,,,,,,0.55925322,0.5575,8.0,0.0,1748937702542
1748937704322,2025-06-03 16:01:44,BTC-13JUN25-125000-C,105382.67,105234.09,46.9,,,0.0003,0.0006,0.00045,0.00041338,0.0004,483.9,3.5,1748937702542
1748937704322,2025-06-03 16:01:44,BTC-13JUN25-125000-P,105382.67,105234.09,46.9,,,0.1775,0.196,0.18675,0.18657612,,0.0,0.0,1748937702542
1748937704322,2025-06-03 16:01:44,BTC-5JUN25-109000-P,105255.06240305418,105234.09,35.42,,,0.0049,0.0745,0.0397,0.0367008,,0.0,0.0,1748937702542
1748937704322,2025-06-03 16:01:44,BTC-20JUN25-145000-P,105517.225,105234.09,57.62,,,0.3645,0.3845,0.3745,0.37441696,,0.0,0.0,1748937702542
1748937704322,2025-06-03 16:01:44,BTC-26DEC25-190000-P,109413.93,105234.09,52.21,,,,,,0.754911,,0.0,0.0,1748937702542
1748937704322,2025-06-03 16:01:44,BTC-27MAR26-100000-P,111131.53,105234.09,49.13,,,0.1185,0.1235,0.121,0.12110959,0.1165,101.7,0.8,1748937702542
1748937704322,2025-06-03 16:01:44,BTC-6JUN25-116000-C,105266.18,105234.09,50.22,,,0.0002,0.0004,0.0003,0.00028238,0.0002,894.4,9.1,1748937702542
1748937704322,2025-06-03 16:01:44,BTC-20JUN25-103000-C,105517.225,105234.09,40.29,,,0.047,0.0485,0.04775,0.04750415,0.05,5.3,4.3,1748937702542
1748937704322,2025-06-03 16:01:44,BTC-26SEP25-30000-P,107588.75,105234.09,88.68,,,0.0002,0.0006,0.0004,0.00041792,0.0005,389.8,0.0,1748937702542
1748937704322,2025-06-03 16:01:44,BTC-4JUN25-104000-P,105244.9413666742,105234.09,35.49,,,0.0028,0.0032,0.003,0.00291036,0.0028,56.8,36.5,1748937702542
1748937704322,2025-06-03 16:01:44,BTC-25JUL25-114000-P,106216.36,105234.09,44.71,,,0.1105,0.1145,0.1125,0.11237162,0.1035,60.2,0.0,1748937702542
1748937704322,2025-06-03 16:01:44,BTC-29AUG25-125000-C,106977.92,105234.09,46.39,,,0.035,0.036,0.0355,0.03560603,0.036,24.7,18.3,1748937702542
1748937704322,2025-06-03 16:01:44,BTC-5JUN25-103000-P,105255.06240305418,105234.09,36.25,,,0.0029,0.0033,0.0031,0.00314737,0.0029,10.6,14.3,1748937702542
1748937704322,2025-06-03 16:01:44,BTC-27JUN25-150000-C,105653.57,105234.09,57.82,,,0.0004,0.0007,0.00055,0.00053416,0.0006,1577.4,5.5,1748937702542
1748937704322,2025-06-03 16:01:44,BTC-26DEC25-80000-C,109413.1,105234.09,50.16,,,0.19,,,0.30511991,0.321,252.8,0.0,1748937702542
1748937704322,2025-06-03 16:01:44,BTC-27JUN25-108000-C,105653.57,105234.09,41.73,,,0.0325,0.0335,0.033,0.03293903,0.0335,1644.7,658.8,1748937702542
1748937704322,2025-06-03 16:01:44,BTC-26SEP25-55000-C,107588.75,105234.09,63.22,,,0.4895,0.4935,0.4915,0.49163766,0.4145,10.2,0.0,1748937702542
1748937704322,2025-06-03 16:01:44,BTC-27JUN25-88000-P,105653.57,105234.09,47.12,,,0.0029,0.0034,0.00315,0.00313274,0.003,1460.3,8.8,1748937702542
1748937704322,2025-06-03 16:01:44,BTC-4JUN25-114000-C,105244.9413666742,105234.09,48.87,,,,0.0001,,6.47e-06,0.0001,0.4,0.4,1748937702542
1748937704322,2025-06-03 16:01:44,BTC-6JUN25-106000-C,105267.07,105234.09,36.24,,,0.0095,0.0105,0.01,0.00996397,0.011,812.1,46.6,1748937702542
1748937704322,2025-06-03 16:01:44,BTC-4JUN25-109000-P,105244.9413666742,105234.09,38.69,,,0.0255,0.047,0.03625,0.03602715,,0.0,0.0,1748937702542
1748937704322,2025-06-03 16:01:44,BTC-6JUN25-112000-P,105267.07,105234.09,39.59,,,0.0635,0.066,0.06475,0.06457937,0.081,36.7,0.0,1748937702542
1748937704322,2025-06-03 16:01:44,BTC-26DEC25-210000-C,109413.93,105234.09,53.66,,,0.012,0.013,0.0125,0.01227086,0.012,127.9,5.9,1748937702542
1748937704322,2025-06-03 16:01:44,BTC-5JUN25-103000-C,105255.06240305418,105234.09,36.25,,,0.023,0.026,0.0245,0.02458088,0.0245,0.7,0.7,1748937702542
1748937704322,2025-06-03 16:01:44,BTC-29AUG25-122000-C,106977.92,105234.09,46.24,,,0.041,0.042,0.0415,0.04172178,0.0424,103.2,0.0,1748937702542
1748937704322,2025-06-03 16:01:44,BTC-27JUN25-92000-C,105653.57,105234.09,44.42,,,0.09,0.1435,0.11675,0.13499752,0.1443,0.7,0.0,1748937702542
1748937704322,2025-06-03 16:01:44,BTC-4JUN25-100000-P,105244.9413666742,105234.09,47.43,,,0.0001,0.0002,0.00015,0.00017417,0.0002,13.6,12.2,1748937702542
1748937704322,2025-06-03 16:01:44,BTC-25JUL25-88000-P,106216.36,105234.09,47.1,,,0.0115,0.0125,0.012,0.01201681,0.012,1053.4,23.8,1748937702542
1748937704322,2025-06-03 16:01:44,BTC-13JUN25-98000-P,105382.67,105234.09,40.87,,,0.0045,0.0047,0.0046,0.00471396,0.0048,1109.7,89.6,1748937702542
1748937704322,2025-06-03 16:01:44,BTC-6JUN25-80000-C,105267.07,105234.09,98.44,,,0.2385,0.241,0.23975,0.24006068,0.2345,302.5,0.2,1748937702542
1748937704322,2025-06-03 16:01:44,BTC-13JUN25-135000-P,105382.67,105234.09,59.12,,,0.2375,0.329,0.28325,0.28125707,,0.0,0.0,1748937702542
1748937704322,2025-06-03 16:01:44,BTC-25JUL25-70000-P,106216.36,105234.09,59.25,,,0.002,0.0025,0.00225,0.00218799,0.0022,207.4,2.2,1748937702542
1748937704322,2025-06-03 16:01:44,BTC-27JUN25-280000-P,105653.57,105234.09,123.14,,,1.644,1.657,1.6505,1.65033767,1.561,0.6,0.0,1748937702542
1748937704322,2025-06-03 16:01:44,BTC-25JUL25-120000-P,106216.36,105234.09,45.28,,,0.152,0.158,0.155,0.1550765,0.1535,6.0,0.1,1748937702542
1748937704322,2025-06-03 16:01:44,BTC-26DEC25-115000-P,109413.1,105234.09,48.23,,,0.1175,,,0.17433606,0.1705,29.9,0.0,1748937702542
1748937704322,2025-06-03 16:01:44,BTC-13JUN25-121000-C,105382.67,105234.09,43.77,,,0.0007,0.0011,0.0009,0.00084118,0.0012,84.5,0.0,1748937702542
1748937704322,2025-06-03 16:01:44,BTC-13JUN25-109000-C,105382.67,105234.09,38.88,,,0.012,0.013,0.0125,0.01245377,0.0125,435.6,241.6,1748937702542
1748937704322,2025-06-03 16:01:44,BTC-25JUL25-96000-C,106216.56,105234.09,44.85,,,0.1205,0.1255,0.123,0.12338284,0.1265,150.2,0.0,1748937702542
1748937704322,2025-06-03 16:01:44,BTC-25JUL25-80000-P,106216.36,105234.09,51.16,,,0.005,0.0055,0.00525,0.00526373,0.005,728.4,4.2,1748937702542
1748937704322,2025-06-03 16:01:44,BTC-25JUL25-150000-C,106216.36,105234.09,49.54,,,0.0025,0.003,0.00275,0.00281301,0.0028,2209.2,5.2,1748937702542
1748937704322,2025-06-03 16:01:44,BTC-20JUN25-95000-C,105517.225,105234.09,42.76,,,0.0965,0.114,0.10525,0.10524708,,0.0,0.0,1748937702542
1748937704322,2025-06-03 16:01:44,BTC-5JUN25-101000-C,105255.06240305418,105234.09,40.25,,,0.033,0.0505,0.04175,0.04153828,,0.0,0.0,1748937702542
1748937704322,2025-06-03 16:01:44,BTC-27JUN25-180000-C,105653.37,105234.09,74.92,,,0.0001,0.0003,0.0002,0.00020788,0.0004,1914.7,7.1,1748937702542
1748937704322,2025-06-03 16:01:44,BTC-27MAR26-20000-P,111132.42,105234.09,82.5,,,0.001,0.0012,0.0011,0.00107821,0.0008,45.2,1.4,1748937702542
1748937704322,2025-06-03 16:01:44,BTC-6JUN25-108000-P,105267.07,105234.09,36.84,,,0.029,0.0315,0.03025,0.03025485,0.0395,271.4,2.7,1748937702542
1748937704322,2025-06-03 16:01:44,BTC-6JUN25-109000-C,105266.18,105234.09,37.25,,,0.0025,0.0029,0.0027,0.00269405,0.0024,1184.1,62.6,1748937702542
1748937704322,2025-06-03 16:01:44,BTC-20JUN25-110000-C,105517.225,105234.09,40.63,,,0.018,0.019,0.0185,0.01841932,0.0195,454.4,23.3,1748937702542
1748937704322,2025-06-03 16:01:44,BTC-6JUN25-110000-P,105267.07,105234.09,37.81,,,0.0455,0.048,0.04675,0.04660058,0.0575,118.5,5.3,1748937702542
1748937704322,2025-06-03 16:01:44,BTC-27JUN25-260000-P,105653.57,105234.09,114.87,,,1.456,1.4665,1.46125,1.46103802,,0.0,0.0,1748937702542
1748937704322,2025-06-03 16:01:44,BTC-29AUG25-96000-P,106977.92,105234.09,46.1,,,0.0425,0.0435,0.043,0.04329542,0.04,7.9,5.3,1748937702542
1748937704322,2025-06-03 16:01:44,BTC-26DEC25-200000-P,109413.93,105234.09,52.84,,,,,,0.8427237,1.49,0.2,0.0,1748937702542
1748937704322,2025-06-03 16:01:44,BTC-4JUN25-105000-P,105244.9413666742,105234.09,34.19,,,0.0055,0.006,0.00575,0.00602265,0.0055,9.6,7.3,1748937702542
1748937704322,2025-06-03 16:01:44,BTC-27JUN25-85000-C,105653.57,105234.09,49.46,,,0.196,0.199,0.1975,0.19747986,0.1995,1899.1,0.0,1748937702542
1748937704322,2025-06-03 16:01:44,BTC-6JUN25-150000-P,105267.07,105234.09,82.89,,,0.415,0.4355,0.42525,0.42492865,,0.0,0.0,1748937702542
1748937704322,2025-06-03 16:01:44,BTC-25JUL25-88000-C,106216.56,105234.09,47.1,,,0.181,0.1855,0.18325,0.1835111,0.188,6.4,0.0,1748937702542
1748937704322,2025-06-03 16:01:44,BTC-29AUG25-110000-C,106977.92,105234.09,45.74,,,0.076,0.0775,0.07675,0.07673888,0.0776,167.1,51.7,1748937702542
1748937704322,2025-06-03 16:01:44,BTC-26DEC25-40000-C,109413.93,105234.09,68.18,,,,,,0.6372372,0.6365,9.0,0.0,1748937702542
1748937704322,2025-06-03 16:01:44,BTC-29AUG25-104000-C,106977.92,105234.09,45.77,,,0.1015,0.103,0.10225,0.10234525,0.103,8.7,0.8,1748937702542
1748937704322,2025-06-03 16:01:44,BTC-4JUN25-101000-P,105244.9413666742,105234.09,42.74,,,0.0002,0.0004,0.0003,0.00028124,0.0002,24.9,23.9,1748937702542
1748937704322,2025-06-03 16:01:44,BTC-29AUG25-108000-C,106977.92,105234.09,45.69,,,0.0835,0.085,0.08425,0.08454415,0.081,29.2,2.8,1748937702542
1748937704322,2025-06-03 16:01:44,BTC-20JUN25-111000-P,105517.225,105234.09,40.81,,,0.061,0.11,0.0855,0.0678066,0.0715,0.6,0.0,1748937702542
1748937704322,2025-06-03 16:01:44,BTC-4JUN25-104500-P,105244.9413666742,105234.09,35.01,,,0.0039,0.0045,0.0042,0.00428134,,0.0,0.0,1748937702542
1748937704322,2025-06-03 16:01:44,BTC-29AUG25-170000-P,106977.92,105234.09,51.07,,,,,,0.59295143,,0.0,0.0,1748937702542
1748937704322,2025-06-03 16:01:44,BTC-26SEP25-50000-C,107588.75,105234.09,67.63,,,0.5355,0.539,0.53725,0.53733431,0.54,26.9,0.0,1748937702542
1748937704322,2025-06-03 16:01:44,BTC-20JUN25-155000-P,105517.225,105234.09,65.84,,,0.4585,0.48,0.46925,0.46912083,,0.0,0.0,1748937702542
1748937704322,2025-06-03 16:01:44,BTC-29AUG25-94000-P,106977.92,105234.09,46.2,,,0.0365,0.0375,0.037,0.03710375,0.035,3.8,3.3,1748937702542
1748937704322,2025-06-03 16:01:44,BTC-27JUN25-120000-P,105653.57,105234.09,43.81,,,0.141,0.1455,0.14325,0.14347373,0.1536,427.9,0.0,1748937702542
1748937704322,2025-06-03 16:01:44,BTC-6JUN25-99000-P,105267.07,105234.09,44.09,,,0.0009,0.0012,0.00105,0.00104463,0.0009,684.1,6.5,1748937702542
1748937704322,2025-06-03 16:01:44,BTC-5JUN25-122000-P,105255.06240305418,105234.09,59.44,,,0.15,0.168,0.159,0.15908361,,0.0,0.0,1748937702542
1748937704322,2025-06-03 16:01:44,BTC-25JUL25-140000-P,106216.36,105234.09,47.93,,,0.3205,0.327,0.32375,0.32378845,0.339,11.1,0.0,1748937702542
1748937704322,2025-06-03 16:01:44,BTC-5JUN25-100000-C,105255.06240305418,105234.09,42.96,,,0.041,0.0595,0.05025,0.05063655,,0.0,0.0,1748937702543
1748937704322,2025-06-03 16:01:44,BTC-25JUL25-112000-C,106216.36,105234.09,44.55,,,0.0445,0.0455,0.045,0.04498535,0.0473,2156.8,357.2,1748937702543
1748937704322,2025-06-03 16:01:44,BTC-27JUN25-100000-P,105653.57,105234.09,41.45,,,0.0195,0.02,0.01975,0.0198875,0.0196,2522.2,256.7,1748937702543
1748937704322,2025-06-03 16:01:44,BTC-20JUN25-104000-P,105517.225,105234.09,40.26,,,0.027,0.028,0.0275,0.02768726,0.0266,371.2,179.9,1748937702543
1748937704322,2025-06-03 16:01:44,BTC-20JUN25-106000-C,105517.225,105234.09,40.37,,,0.0325,0.033,0.03275,0.03258887,0.033,293.2,103.1,1748937702543
1748937704322,2025-06-03 16:01:44,BTC-27JUN25-140000-C,105653.57,105234.09,51.86,,,0.0008,0.0011,0.00095,0.00094353,0.0011,3366.9,118.8,1748937702543
1748937704322,2025-06-03 16:01:44,BTC-26DEC25-110000-C,109413.1,105234.09,48.19,,,0.14,0.143,0.1415,0.14138219,0.142,678.6,0.0,1748937702543
1748937704322,2025-06-03 16:01:44,BTC-4JUN25-102000-C,105244.9413666742,105234.09,39.28,,,0.0021,0.044,0.02305,0.03139269,0.043,0.3,0.3,1748937702543
1748937704322,2025-06-03 16:01:44,BTC-20JUN25-117000-C,105517.225,105234.09,41.81,,,0.0055,0.0065,0.006,0.00595664,0.006,89.7,23.1,1748937702543
1748937704322,2025-06-03 16:01:44,BTC-13JUN25-117000-P,105382.67,105234.09,41.43,,,0.1025,0.1215,0.112,0.11224617,,0.0,0.0,1748937702543
1748937704322,2025-06-03 16:01:44,BTC-27JUN25-20000-C,105653.57,105234.09,137.66,,,0.81,0.8115,0.81075,0.81070039,0.8105,74.7,0.0,1748937702543
1748937704322,2025-06-03 16:01:44,BTC-26SEP25-95000-C,107588.75,105234.09,46.5,,,0.164,0.17,0.167,0.16709888,0.1688,1077.3,90.2,1748937702543
1748937704322,2025-06-03 16:01:44,BTC-13JUN25-101000-C,105382.67,105234.09,39.26,,,0.021,0.0865,0.05375,0.05140524,0.0565,0.4,0.0,1748937702543
1748937704322,2025-06-03 16:01:44,BTC-20JUN25-122000-C,105517.225,105234.09,43.23,,,0.0024,0.0028,0.0026,0.00258287,0.0028,406.4,8.4,1748937702543
1748937704322,2025-06-03 16:01:44,BTC-20JUN25-90000-P,105517.225,105234.09,47.04,,,0.0022,0.0025,0.00235,0.00235255,0.0022,139.8,9.9,1748937702543
1748937704322,2025-06-03 16:01:44,BTC-25JUL25-125000-C,106216.36,105234.09,45.8,,,0.017,0.0175,0.01725,0.01738848,0.0175,1383.9,366.6,1748937702543
1748937704322,2025-06-03 16:01:44,BTC-26SEP25-95000-P,107588.75,105234.09,46.5,,,0.0495,0.0505,0.05,0.05007778,0.05,1196.9,176.8,1748937702543
1748937704322,2025-06-03 16:01:44,BTC-25JUL25-70000-C,106216.36,105234.09,59.25,,,0.341,0.345,0.343,0.34314935,0.3357,35.0,0.0,1748937702543
1748937704322,2025-06-03 16:01:44,BTC-13JUN25-103000-C,105382.67,105234.09,38.78,,,0.0375,0.039,0.03825,0.03820428,0.0355,2.7,1.0,1748937702543
1748937704322,2025-06-03 16:01:44,BTC-13JUN25-90000-C,105382.67,105234.09,51.11,,,0.146,0.148,0.147,0.14690761,0.146,5.0,0.0,1748937702543
1748937704322,2025-06-03 16:01:44,BTC-13JUN25-98000-C,105382.67,105234.09,40.87,,,0.0001,0.0835,0.0418,0.07476237,0.0675,0.3,0.0,1748937702543
1748937704322,2025-06-03 16:01:44,BTC-13JUN25-88000-C,105382.67,105234.09,54.15,,,0.1355,0.1745,0.155,0.1656158,,0.0,0.0,1748937702543
1748937704322,2025-06-03 16:01:44,BTC-6JUN25-103000-P,105266.18,105234.09,37.82,,,0.005,0.0055,0.00525,0.00539646,0.005,730.4,211.9,1748937702543
1748937704322,2025-06-03 16:01:44,BTC-26SEP25-120000-C,107588.75,105234.09,46.89,,,0.0615,0.063,0.06225,0.06239157,0.0636,1619.0,59.8,1748937702543
1748937704322,2025-06-03 16:01:44,BTC-4JUN25-120000-P,105244.9413666742,105234.09,59.89,,,0.1315,0.1495,0.1405,0.14019742,,0.0,0.0,1748937702543
1748937704322,2025-06-03 16:01:44,BTC-6JUN25-117000-C,105266.18,105234.09,50.83,,,0.0001,0.0003,0.0002,0.00018141,0.0001,149.5,1.3,1748937702543
1748937704322,2025-06-03 16:01:44,BTC-4JUN25-103000-C,105244.9413666742,105234.09,37.52,,,0.021,0.0235,0.02225,0.02266621,0.027,1.2,1.0,1748937702543
1748937704322,2025-06-03 16:01:44,BTC-26SEP25-65000-C,107588.75,105234.09,55.83,,,0.399,0.4035,0.40125,0.40136214,0.4235,39.2,0.0,1748937702543
1748937704322,2025-06-03 16:01:44,BTC-27JUN25-220000-P,105653.57,105234.09,97.79,,,1.0785,1.087,1.08275,1.08247455,1.529,14.8,0.0,1748937702543
1748937704322,2025-06-03 16:01:44,BTC-6JUN25-90000-P,105267.07,105234.09,72.86,,,0.0001,0.0002,0.00015,0.00018009,0.0002,402.9,6.3,1748937702543
1748937704322,2025-06-03 16:01:44,BTC-5JUN25-104000-P,105255.06240305418,105234.09,35.59,,,0.005,0.0055,0.00525,0.00554346,0.005,6.5,11.2,1748937702543
1748937704322,2025-06-03 16:01:44,BTC-26SEP25-90000-C,107588.75,105234.09,47.05,,,0.196,0.202,0.199,0.19925808,0.202,1283.5,0.0,1748937702543
1748937704322,2025-06-03 16:01:44,BTC-26SEP25-280000-P,107588.75,105234.09,63.51,,,0.001,,,1.60309957,,0.0,0.0,1748937702543
1748937704322,2025-06-03 16:01:44,BTC-20JUN25-114000-C,105517.225,105234.09,41.25,,,0.0095,0.01,0.00975,0.00983616,0.01,98.6,6.7,1748937702543
1748937704322,2025-06-03 16:01:44,BTC-6JUN25-105000-C,105266.18,105234.09,36.5,,,0.014,0.015,0.0145,0.0144936,0.016,635.1,121.7,1748937702543
1748937704322,2025-06-03 16:01:44,BTC-4JUN25-114000-P,105244.9413666742,105234.09,48.87,,,0.0735,0.093,0.08325,0.08319392,,0.0,0.0,1748937702543
1748937704322,2025-06-03 16:01:44,BTC-25JUL25-100000-C,106216.36,105234.09,44.53,,,0.096,0.1,0.098,0.09840688,0.1,480.5,4.3,1748937702543
1748937704322,2025-06-03 16:01:44,BTC-26SEP25-400000-P,107588.75,105234.09,76.02,,,,,,2.71803978,,0.0,0.0,1748937702543
1748937704322,2025-06-03 16:01:44,BTC-4JUN25-118000-C,105244.9413666742,105234.09,55.41,,,,0.0001,,2.8e-07,,0.0,0.0,1748937702543
1748937704322,2025-06-03 16:01:44,BTC-26SEP25-200000-P,107588.75,105234.09,55.05,,,,,,0.86238494,0.999,4.5,0.0,1748937702543
1748937704322,2025-06-03 16:01:44,BTC-26SEP25-210000-C,107588.75,105234.09,56.44,,,0.0026,0.003,0.0028,0.00274952,0.0026,346.4,2.2,1748937702543
1748937704322,2025-06-03 16:01:44,BTC-27JUN25-300000-P,105653.37,105234.09,130.77,,,1.8335,1.8465,1.84,1.83963731,2.156,1.7,0.0,1748937702543
1748937704322,2025-06-03 16:01:44,BTC-27MAR26-230000-C,111132.42,105234.09,53.2,,,0.0175,0.0205,0.019,0.01911563,0.0185,36.9,1.0,1748937702543
1748937704322,2025-06-03 16:01:44,BTC-29AUG25-40000-P,106977.92,105234.09,84.04,,,0.0004,0.0009,0.00065,0.00067578,0.0008,2.7,0.0,1748937702543
1748937704322,2025-06-03 16:01:44,BTC-29AUG25-190000-C,106977.92,105234.09,53.97,,,0.0016,0.0021,0.00185,0.00180312,0.0019,41.5,12.6,1748937702543
1748937704322,2025-06-03 16:01:44,BTC-26SEP25-300000-C,107588.75,105234.09,67.38,,,0.0005,0.0009,0.0007,0.00063546,0.0005,1790.5,9.3,1748937702543
1748937704322,2025-06-03 16:01:44,BTC-13JUN25-111000-C,105382.67,105234.09,39.08,,,0.0075,0.0085,0.008,0.0079354,0.0085,317.7,11.3,1748937702543
1748937704322,2025-06-03 16:01:44,BTC-27MAR26-120000-P,111132.42,105234.09,49.34,,,0.1055,,,0.22570394,0.22,39.9,0.0,1748937702543
1748937704322,2025-06-03 16:01:44,BTC-27MAR26-30000-C,111131.53,105234.09,69.91,,,,0.75,,0.73222738,0.735,12.9,0.0,1748937702543
1748937704322,2025-06-03 16:01:44,BTC-29AUG25-116000-P,106977.92,105234.09,45.96,,,0.1385,0.1445,0.1415,0.14122276,0.125,0.3,0.0,1748937702543
1748937704322,2025-06-03 16:01:44,BTC-26SEP25-210000-P,107588.75,105234.09,56.44,,,0.0001,,,0.95459761,,0.0,0.0,1748937702543
1748937704322,2025-06-03 16:01:44,BTC-27MAR26-260000-P,111132.42,105234.09,54.8,,,,,,1.35241674,,0.0,0.0,1748937702543
1748937704322,2025-06-03 16:01:44,BTC-27JUN25-84000-P,105653.57,105234.09,51.1,,,0.0017,0.0021,0.0019,0.00188491,0.0021,185.5,0.2,1748937702543
1748937704322,2025-06-03 16:01:44,BTC-26DEC25-30000-P,109413.93,105234.09,76.47,,,0.0009,0.0015,0.0012,0.00122298,0.0012,139.8,0.0,1748937702543
1748937704322,2025-06-03 16:01:44,BTC-26DEC25-125000-C,109413.1,105234.09,48.48,,,0.0925,0.0945,0.0935,0.09367961,0.0945,1021.9,4.6,1748937702543
1748937704322,2025-06-03 16:01:44,BTC-27JUN25-30000-C,105653.57,105234.09,128.32,,,0.715,0.717,0.716,0.71605317,0.7155,46.3,0.0,1748937702543
1748937704322,2025-06-03 16:01:44,BTC-27MAR26-130000-C,111132.42,105234.09,49.67,,,0.1165,0.121,0.11875,0.11887457,0.1215,111.7,10.1,1748937702543
1748937704322,2025-06-03 16:01:44,BTC-26DEC25-230000-C,109413.93,105234.09,54.92,,,0.008,0.0095,0.00875,0.00838486,0.0085,178.0,5.4,1748937702543
1748937704322,2025-06-03 16:01:44,BTC-29AUG25-96000-C,106977.92,105234.09,46.1,,,0.1,0.2305,0.16525,0.14592172,,0.0,0.0,1748937702543
1748937704322,2025-06-03 16:01:44,BTC-25JUL25-98000-C,106216.36,105234.09,44.64,,,0.108,0.112,0.11,0.11042531,0.1055,225.3,0.4,1748937702543
1748937704322,2025-06-03 16:01:44,BTC-26DEC25-85000-C,109413.1,105234.09,49.46,,,0.266,0.2755,0.27075,0.27110777,0.287,144.6,0.0,1748937702543
1748937704322,2025-06-03 16:01:44,BTC-27MAR26-65000-P,111131.53,105234.09,52.88,,,0.022,0.0245,0.02325,0.02339832,0.023,34.6,0.6,1748937702543
1748937704322,2025-06-03 16:01:44,BTC-26DEC25-95000-P,109413.1,105234.09,48.6,,,0.0785,0.0805,0.0795,0.07930868,0.0812,622.6,50.0,1748937702543
1748937704322,2025-06-03 16:01:44,BTC-20JUN25-96000-C,105517.225,105234.09,42.41,,,0.0955,0.0985,0.097,0.09702796,0.0895,10.1,2.5,1748937702543
1748937704322,2025-06-03 16:01:44,BTC-27JUN25-30000-P,105653.57,105234.09,128.32,,,,0.0001,,2.64e-06,0.0001,623.5,0.0,1748937702543
1748937704322,2025-06-03 16:01:44,BTC-13JUN25-107000-P,105382.67,105234.09,38.87,,,0.0335,0.0345,0.034,0.03425635,0.032,481.8,133.3,1748937702543
1748937704322,2025-06-03 16:01:44,BTC-27JUN25-150000-P,105653.37,105234.09,57.82,,,0.4185,0.423,0.42075,0.42028152,0.373,16.4,0.0,1748937702543
1748937704322,2025-06-03 16:01:44,BTC-26SEP25-20000-P,107588.75,105234.09,104.21,,,0.0001,0.0002,0.00015,0.00014278,0.0001,288.9,0.0,1748937702543
1748937704322,2025-06-03 16:01:44,BTC-26DEC25-65000-P,109413.93,105234.09,53.94,,,0.014,0.015,0.0145,0.01447344,0.014,1981.0,80.4,1748937702543
1748937704322,2025-06-03 16:01:44,BTC-20JUN25-98000-P,105517.225,105234.09,41.39,,,0.0095,0.01,0.00975,0.0098464,0.009,128.4,55.3,1748937702543
1748937704322,2025-06-03 16:01:44,BTC-27JUN25-110000-C,105653.57,105234.09,42.06,,,0.026,0.0265,0.02625,0.02634711,0.0273,5922.2,376.3,1748937702543
1748937704322,2025-06-03 16:01:44,BTC-20JUN25-125000-P,105517.225,105234.09,44.46,,,0.177,0.196,0.1865,0.18625329,,0.0,0.0,1748937702543
1748937704322,2025-06-03 16:01:44,BTC-20JUN25-110000-P,105517.225,105234.09,40.63,,,0.059,0.0625,0.06075,0.06089469,0.0665,10.1,0.1,1748937702543
1748937704322,2025-06-03 16:01:44,BTC-25JUL25-100000-P,106216.56,105234.09,44.53,,,0.0395,0.0405,0.04,0.03989065,0.0395,1361.1,374.9,1748937702543
1748937704322,2025-06-03 16:01:44,BTC-4JUN25-106000-P,105244.9413666742,105234.09,33.82,,,0.011,0.0125,0.01175,0.01124004,0.011,60.7,55.3,1748937702543
1748937704322,2025-06-03 16:01:44,BTC-5JUN25-106000-C,105255.06240305418,105234.09,34.47,,,0.0065,0.0075,0.007,0.00706541,0.007,26.7,28.2,1748937702543
1748937704322,2025-06-03 16:01:44,BTC-26DEC25-30000-C,109413.93,105234.09,76.47,,,,,,0.72703899,0.7227,30.3,0.0,1748937702543
1748937704322,2025-06-03 16:01:44,BTC-27JUN25-120000-C,105653.57,105234.09,43.81,,,0.0075,0.008,0.00775,0.00767585,0.008,5762.9,489.3,1748937702543
1748937704322,2025-06-03 16:01:44,BTC-29AUG25-80000-P,106977.92,105234.09,49.73,,,0.0115,0.012,0.01175,0.01179309,0.0114,207.2,103.4,1748937702543
1748937704322,2025-06-03 16:01:44,BTC-27JUN25-97000-P,105653.57,105234.09,42.05,,,0.012,0.013,0.0125,0.01257254,0.0125,1017.3,74.0,1748937702543
1748937704322,2025-06-03 16:01:44,BTC-25JUL25-180000-P,106216.36,105234.09,56.97,,,,,,0.69531566,,0.0,0.0,1748937702543
1748937704322,2025-06-03 16:01:44,BTC-27MAR26-230000-P,111131.53,105234.09,53.2,,,,,,1.08869656,,0.0,0.0,1748937702543
1748937704322,2025-06-03 16:01:44,BTC-27MAR26-280000-P,111132.42,105234.09,55.95,,,,,,1.52981112,,0.0,0.0,1748937702543
1748937704322,2025-06-03 16:01:44,BTC-27MAR26-120000-C,111132.42,105234.09,49.34,,,0.1435,0.1485,0.146,0.14592259,0.142,80.2,0.9,1748937702543
1748937704322,2025-06-03 16:01:44,BTC-20JUN25-105000-P,105517.225,105234.09,40.22,,,0.0315,0.0325,0.032,0.03213242,0.032,150.3,37.3,1748937702543
1748937704322,2025-06-03 16:01:44,BTC-6JUN25-85000-P,105267.07,105234.09,89.48,,,,0.0001,,9.473e-05,0.0001,440.3,110.6,1748937702543
1748937704322,2025-06-03 16:01:44,BTC-27MAR26-180000-P,111132.42,105234.09,51.27,,,,,,0.66409237,,0.0,0.0,1748937702543
1748937704322,2025-06-03 16:01:44,BTC-25JUL25-170000-P,106216.36,105234.09,54.18,,,,,,0.60146565,,0.0,0.0,1748937702543
1748937704322,2025-06-03 16:01:44,BTC-27MAR26-240000-C,111132.42,105234.09,53.72,,,0.015,0.018,0.0165,0.01662583,0.017,71.4,10.2,1748937702543
1748937704322,2025-06-03 16:01:44,BTC-27JUN25-20000-P,105653.57,105234.09,137.66,,,,0.0001,,4e-08,0.0001,300.4,0.0,1748937702543
1748937704322,2025-06-03 16:01:44,BTC-4JUN25-104500-C,105244.9413666742,105234.09,35.01,,,0.01,0.0115,0.01075,0.0113595,,0.0,0.0,1748937702543
1748937704322,2025-06-03 16:01:44,BTC-27JUN25-400000-C,105653.57,105234.09,134.68,,,,0.0001,,8.92e-06,0.0001,661.7,0.0,1748937702543
1748937704322,2025-06-03 16:01:44,BTC-25JUL25-95000-P,106216.36,105234.09,44.95,,,0.024,0.025,0.0245,0.0245647,0.0245,155.1,105.6,1748937702543
1748937704322,2025-06-03 16:01:44,BTC-29AUG25-102000-C,106977.92,105234.09,45.86,,,0.111,0.1125,0.11175,0.11228007,0.113,0.7,0.5,1748937702543
1748937704322,2025-06-03 16:01:44,BTC-20JUN25-120000-C,105517.225,105234.09,42.46,,,0.0032,0.0037,0.00345,0.00355396,0.0035,1457.4,21.2,1748937702543
1748937704322,2025-06-03 16:01:44,BTC-25JUL25-125000-P,106216.36,105234.09,45.8,,,,,,0.19424319,0.164,0.6,0.0,1748937702543
1748937704322,2025-06-03 16:01:44,BTC-29AUG25-100000-C,106977.92,105234.09,45.9,,,0.1215,0.1235,0.1225,0.12278647,0.121,1.8,0.0,1748937702543
1748937704322,2025-06-03 16:01:44,BTC-29AUG25-102000-P,106977.92,105234.09,45.86,,,0.065,0.0665,0.06575,0.06573962,0.0655,4.3,0.8,1748937702543
1748937704322,2025-06-03 16:01:44,BTC-27MAR26-140000-P,111132.42,105234.09,49.9,,,0.08,,,0.35639494,0.323,1.3,0.0,1748937702543
1748937704322,2025-06-03 16:01:44,BTC-25JUL25-130000-C,106216.36,105234.09,46.49,,,0.0115,0.012,0.01175,0.01199034,0.012,2529.8,23.0,1748937702543
1748937704322,2025-06-03 16:01:44,BTC-25JUL25-200000-P,106216.36,105234.09,61.8,,,,,,0.88329078,,0.0,0.0,1748937702543
1748937704322,2025-06-03 16:01:44,BTC-6JUN25-119000-P,105267.07,105234.09,55.99,,,0.1215,0.14,0.13075,0.13058324,,0.0,0.0,1748937702543
1748937704322,2025-06-03 16:01:44,BTC-26DEC25-300000-C,109413.93,105234.09,59.26,,,0.0025,0.0031,0.0028,0.00292578,0.003,240.4,0.3,1748937702543
1748937704322,2025-06-03 16:01:44,BTC-6JUN25-140000-P,105266.18,105234.09,77.43,,,0.2845,0.3775,0.331,0.32993383,,0.0,0.0,1748937702543
1748937704322,2025-06-03 16:01:44,BTC-6JUN25-150000-C,105267.07,105234.09,82.89,,,,0.0001,,2e-08,0.0001,309.4,0.0,1748937702543
1748937704322,2025-06-03 16:01:44,BTC-27JUN25-300000-C,105653.57,105234.09,130.77,,,0.0001,0.0002,0.00015,0.00014259,0.0001,5842.5,30.2,1748937702543
1748937704322,2025-06-03 16:01:44,BTC-13JUN25-101000-P,105382.67,105234.09,39.26,,,0.0095,0.01,0.00975,0.00982473,0.0095,86.4,68.3,1748937702543
1748937704322,2025-06-03 16:01:44,BTC-27MAR26-135000-P,111131.53,105234.09,49.84,,,0.0575,,,0.32211414,0.2945,0.2,0.0,1748937702543
1748937704322,2025-06-03 16:01:44,BTC-26SEP25-125000-C,107588.75,105234.09,47.15,,,0.05,0.051,0.0505,0.05054025,0.052,1286.0,126.0,1748937702543
1748937704322,2025-06-03 16:01:44,BTC-4JUN25-102000-P,105244.9413666742,105234.09,39.28,,,0.0005,0.0007,0.0006,0.00056042,0.0005,11.7,7.7,1748937702543
1748937704322,2025-06-03 16:01:44,BTC-26DEC25-170000-C,109413.93,105234.09,50.79,,,0.028,0.0295,0.02875,0.02889499,0.029,3817.7,3.0,1748937702543
1748937704322,2025-06-03 16:01:44,BTC-25JUL25-108000-P,106216.56,105234.09,44.4,,,0.0755,0.0765,0.076,0.07606587,0.0751,402.1,22.3,1748937702543
1748937704322,2025-06-03 16:01:44,BTC-29AUG25-130000-P,106977.92,105234.09,46.77,,,,,,0.24258373,,0.0,0.0,1748937702544
1748937704322,2025-06-03 16:01:44,BTC-29AUG25-70000-C,106977.92,105234.09,55.07,,,,,,0.35095679,,0.0,0.0,1748937702544
1748937704322,2025-06-03 16:01:44,BTC-20JUN25-99000-C,105517.225,105234.09,41.08,,,0.064,0.083,0.0735,0.07363801,0.0705,1.4,1.4,1748937702544
1748937704322,2025-06-03 16:01:44,BTC-6JUN25-135000-P,105267.07,105234.09,71.96,,,0.2395,0.3295,0.2845,0.28243695,,0.0,0.0,1748937702544
1748937704322,2025-06-03 16:01:44,BTC-27MAR26-100000-C,111131.53,105234.09,49.13,,,0.215,0.506,0.3605,0.2212918,0.218,1068.7,12.6,1748937702544
1748937704322,2025-06-03 16:01:44,BTC-25JUL25-30000-P,106216.36,105234.09,119.15,,,0.0001,0.0002,0.00015,0.00017136,0.0002,478.9,0.0,1748937702544
1748937704322,2025-06-03 16:01:44,BTC-20JUN25-122000-P,105517.225,105234.09,43.23,,,0.1495,0.1685,0.159,0.15878283,,0.0,0.0,1748937702544
1748937704322,2025-06-03 16:01:44,BTC-13JUN25-121000-P,105382.67,105234.09,43.77,,,0.14,0.1585,0.14925,0.14904671,,0.0,0.0,1748937702544
1748937704322,2025-06-03 16:01:44,BTC-27MAR26-130000-P,111131.53,105234.09,49.67,,,0.032,,,0.2886377,0.2815,2.2,0.0,1748937702544
1748937704322,2025-06-03 16:01:44,BTC-13JUN25-150000-C,105382.67,105234.09,72.79,,,,0.0002,,6.998e-05,0.0002,92.6,9.8,1748937702544
1748937704322,2025-06-03 16:01:44,BTC-29AUG25-80000-C,106977.92,105234.09,49.73,,,0.261,0.266,0.2635,0.26398168,0.259,30.0,0.0,1748937702544
1748937704322,2025-06-03 16:01:44,BTC-20JUN25-140000-P,105517.225,105234.09,53.96,,,0.282,0.377,0.3295,0.32712122,,0.0,0.0,1748937702544
1748937704322,2025-06-03 16:01:44,BTC-29AUG25-95000-P,106977.92,105234.09,46.16,,,0.0395,0.0405,0.04,0.04013639,0.0422,4.0,1.0,1748937702544
1748937704322,2025-06-03 16:01:44,BTC-13JUN25-124000-C,105382.67,105234.09,46.27,,,0.0004,0.0007,0.00055,0.00050158,0.0005,114.3,8.0,1748937702544
1748937704322,2025-06-03 16:01:44,BTC-26DEC25-210000-P,109413.93,105234.09,53.66,,,,,,0.93155877,,0.0,0.0,1748937702544
1748937704322,2025-06-03 16:01:44,BTC-27JUN25-105000-C,105653.57,105234.09,41.5,,,0.045,0.046,0.0455,0.04545912,0.0462,4474.5,63.4,1748937702544
1748937704322,2025-06-03 16:01:44,BTC-6JUN25-95000-C,105266.18,105234.09,55.91,,,0.0965,0.099,0.09775,0.09792698,0.092,5.7,0.0,1748937702544
1748937704322,2025-06-03 16:01:44,BTC-5JUN25-118000-P,105255.06240305418,105234.09,54.78,,,0.112,0.1305,0.12125,0.12110677,,0.0,0.0,1748937702544
1748937704322,2025-06-03 16:01:44,BTC-27JUN25-65000-P,105653.57,105234.09,79.04,,,0.0003,0.0006,0.00045,0.00043459,0.0004,2610.3,2.3,1748937702544
1748937704322,2025-06-03 16:01:44,BTC-6JUN25-117000-P,105267.07,105234.09,50.83,,,0.11,0.113,0.1115,0.11162574,0.0785,1.0,0.0,1748937702544
1748937704322,2025-06-03 16:01:44,BTC-5JUN25-104000-C,105255.06240305418,105234.09,35.59,,,0.0165,0.018,0.01725,0.01747633,0.019,1.7,2.7,1748937702544
1748937704322,2025-06-03 16:01:44,BTC-29AUG25-170000-C,106977.92,105234.09,51.07,,,0.0036,0.0042,0.0039,0.00385218,0.004,89.2,3.2,1748937702544
1748937704322,2025-06-03 16:01:44,BTC-27MAR26-260000-C,111132.42,105234.09,54.8,,,0.0115,0.014,0.01275,0.01289047,0.014,82.9,1.4,1748937702544
1748937704322,2025-06-03 16:01:44,BTC-20JUN25-105000-C,105517.225,105234.09,40.22,,,0.037,0.0375,0.03725,0.03704229,0.0389,401.6,85.0,1748937702544
1748937704322,2025-06-03 16:01:44,BTC-26DEC25-340000-C,109413.93,105234.09,61.55,,,0.0015,0.0021,0.0018,0.00185161,0.0023,198.3,0.0,1748937702544
1748937704322,2025-06-03 16:01:44,BTC-26DEC25-60000-P,109413.1,105234.09,55.82,,,0.01,0.011,0.0105,0.01042795,0.0107,675.3,50.1,1748937702544
1748937704322,2025-06-03 16:01:44,BTC-29AUG25-190000-P,106977.92,105234.09,53.97,,,,,,0.77785523,,0.0,0.0,1748937702544
1748937704322,2025-06-03 16:01:44,BTC-6JUN25-104000-C,105266.18,105234.09,36.91,,,0.019,0.0205,0.01975,0.02015302,0.021,457.3,14.3,1748937702544
1748937704322,2025-06-03 16:01:44,BTC-4JUN25-92000-P,105244.9413666742,105234.09,70.6,,,,0.0001,,1.14e-06,0.0001,16.9,2.1,1748937702544
1748937704322,2025-06-03 16:01:44,BTC-4JUN25-98000-C,105244.9413666742,105234.09,59.44,,,0.0605,0.078,0.06925,0.06895059,,0.0,0.0,1748937702544
1748937704322,2025-06-03 16:01:44,BTC-29AUG25-135000-P,106977.92,105234.09,47.12,,,,,,0.28292133,,0.0,0.0,1748937702544
1748937704322,2025-06-03 16:01:44,BTC-25JUL25-124000-C,106216.36,105234.09,45.75,,,0.018,0.019,0.0185,0.01880974,0.02,51.3,40.3,1748937702544
1748937704322,2025-06-03 16:01:44,BTC-25JUL25-122000-C,106216.36,105234.09,45.5,,,0.021,0.022,0.0215,0.02181615,0.0225,916.8,15.0,1748937702544
1748937704322,2025-06-03 16:01:44,BTC-13JUN25-102000-P,105382.67,105234.09,39.14,,,0.012,0.013,0.0125,0.01253182,0.012,359.0,73.2,1748937702544
1748937704322,2025-06-03 16:01:44,BTC-25JUL25-50000-C,106216.36,105234.09,83.44,,,0.528,0.5315,0.52975,0.52985343,0.529,24.1,0.0,1748937702544
1748937704322,2025-06-03 16:01:44,BTC-13JUN25-130000-C,105382.67,105234.09,52.25,,,0.0001,0.0004,0.00025,0.00024014,0.0002,59.8,12.6,1748937702544
1748937704322,2025-06-03 16:01:44,BTC-26DEC25-120000-C,109413.1,105234.09,48.45,,,0.1075,0.1085,0.108,0.10780779,0.108,1242.4,35.1,1748937702544
1748937704322,2025-06-03 16:01:44,BTC-27MAR26-75000-C,111132.42,105234.09,51.0,,,,,,0.36569121,0.374,9.2,0.0,1748937702544
1748937704322,2025-06-03 16:01:44,BTC-25JUL25-84000-C,106216.36,105234.09,49.04,,,,,,0.21715519,0.236,2.0,0.0,1748937702544
1748937704322,2025-06-03 16:01:44,BTC-27MAR26-200000-P,111132.42,105234.09,51.99,,,,,,0.83068346,,0.0,0.0,1748937702544
1748937704322,2025-06-03 16:01:44,BTC-6JUN25-103000-C,105267.07,105234.09,37.82,,,0.0255,0.0285,0.027,0.02694547,0.0245,76.9,22.9,1748937702544
1748937704322,2025-06-03 16:01:44,BTC-26DEC25-180000-P,109413.93,105234.09,51.48,,,,0.8335,,0.66800929,,0.0,0.0,1748937702544
1748937704322,2025-06-03 16:01:44,BTC-27MAR26-125000-C,111131.53,105234.09,49.5,,,0.1295,0.134,0.13175,0.13165449,0.1335,11.5,2.7,1748937702544
1748937704322,2025-06-03 16:01:44,BTC-26SEP25-140000-P,107588.75,105234.09,48.25,,,0.324,0.333,0.3285,0.32819781,0.6365,12.8,0.0,1748937702544
1748937704322,2025-06-03 16:01:44,BTC-26SEP25-80000-C,107588.75,105234.09,49.23,,,0.2705,0.276,0.27325,0.27359856,0.282,1130.3,0.1,1748937702544
1748937704322,2025-06-03 16:01:44,BTC-20JUN25-103000-P,105517.225,105234.09,40.29,,,0.023,0.024,0.0235,0.02364018,0.0215,43.6,7.2,1748937702544
1748937704322,2025-06-03 16:01:44,BTC-6JUN25-95000-P,105267.07,105234.09,55.91,,,0.0003,0.0005,0.0004,0.00038178,0.0004,476.1,72.1,1748937702544
1748937704322,2025-06-03 16:01:44,BTC-4JUN25-100000-C,105244.9413666742,105234.09,47.43,,,0.0315,0.055,0.04325,0.05000974,,0.0,0.0,1748937702544
1748937704322,2025-06-03 16:01:44,BTC-13JUN25-108000-P,105382.67,105234.09,38.87,,,0.0395,0.041,0.04025,0.04026947,0.0465,936.7,0.0,1748937702544
1748937704322,2025-06-03 16:01:44,BTC-27MAR26-150000-C,111132.42,105234.09,50.13,,,0.077,0.081,0.079,0.07871306,0.0755,251.1,2.0,1748937702544
1748937704322,2025-06-03 16:01:44,BTC-27JUN25-102000-C,105653.57,105234.09,41.4,,,0.06,0.0615,0.06075,0.06115014,0.0615,1028.3,2.5,1748937702544
1748937704322,2025-06-03 16:01:44,BTC-27MAR26-110000-C,111132.42,105234.09,49.15,,,0.1775,0.182,0.17975,0.17969107,0.176,129.9,0.5,1748937702544
1748937704322,2025-06-03 16:01:44,BTC-6JUN25-108000-C,105267.07,105234.09,36.84,,,0.0041,0.0046,0.00435,0.00430623,0.0042,891.9,140.6,1748937702544
1748937704322,2025-06-03 16:01:44,BTC-26SEP25-260000-P,107588.75,105234.09,61.14,,,,,,1.41741877,1.524,0.0,0.0,1748937702544
1748937704322,2025-06-03 16:01:44,BTC-27JUN25-78000-P,105653.57,105234.09,58.77,,,0.0009,0.0012,0.00105,0.00105737,0.001,304.2,0.2,1748937702544
1748937704322,2025-06-03 16:01:44,BTC-25JUL25-90000-C,106216.56,105234.09,46.12,,,0.165,0.1695,0.16725,0.16725769,0.1716,112.0,0.0,1748937702544
1748937704322,2025-06-03 16:01:44,BTC-25JUL25-116000-C,106216.36,105234.09,44.88,,,0.0335,0.034,0.03375,0.03386135,0.0375,719.8,155.8,1748937702544
1748937704322,2025-06-03 16:01:44,BTC-25JUL25-85000-C,106216.36,105234.09,48.41,,,0.206,0.2105,0.20825,0.20852496,0.2265,5.7,0.0,1748937702544
1748937704322,2025-06-03 16:01:44,BTC-26SEP25-80000-P,107588.75,105234.09,49.23,,,0.0165,0.0175,0.017,0.01715974,0.017,2297.6,4.3,1748937702544
1748937704322,2025-06-03 16:01:44,BTC-25JUL25-126000-C,106216.36,105234.09,45.92,,,0.0155,0.0165,0.016,0.01612608,0.016,246.6,14.8,1748937702544
1748937704322,2025-06-03 16:01:44,BTC-29AUG25-112000-P,106977.92,105234.09,45.79,,,0.1155,0.1175,0.1165,0.11646669,0.1165,5.8,0.6,1748937702544
1748937704322,2025-06-03 16:01:44,BTC-29AUG25-125000-P,106977.92,105234.09,46.39,,,0.115,,,0.20406136,,0.0,0.0,1748937702544
1748937704322,2025-06-03 16:01:44,BTC-26SEP25-40000-P,107588.75,105234.09,77.68,,,0.0009,0.0014,0.00115,0.00104428,0.001,277.4,1.1,1748937702544
1748937704322,2025-06-03 16:01:44,BTC-25JUL25-98000-P,106216.36,105234.09,44.64,,,0.0325,0.0335,0.033,0.0330794,0.0315,650.8,12.7,1748937702544
1748937704322,2025-06-03 16:01:44,BTC-25JUL25-104000-C,106216.36,105234.09,44.3,,,0.0765,0.0775,0.077,0.07688746,0.078,359.0,26.4,1748937702544
1748937704322,2025-06-03 16:01:44,BTC-6JUN25-100000-C,105267.07,105234.09,42.09,,,0.05,0.053,0.0515,0.05158249,0.0585,2.1,0.0,1748937702544
1748937704322,2025-06-03 16:01:44,BTC-6JUN25-104000-P,105266.18,105234.09,36.91,,,0.0075,0.0085,0.008,0.00810354,0.007,775.8,199.2,1748937702544
1748937704322,2025-06-03 16:01:44,BTC-27MAR26-105000-C,111132.42,105234.09,49.12,,,0.197,0.202,0.1995,0.19945476,0.204,153.5,1.7,1748937702544
1748937704322,2025-06-03 16:01:44,BTC-27MAR26-40000-P,111132.42,105234.09,63.15,,,0.0041,0.005,0.00455,0.00480384,0.0048,126.8,2.2,1748937702544
1748937704322,2025-06-03 16:01:44,BTC-26DEC25-280000-P,109413.93,105234.09,58.12,,,0.0001,,,1.56288493,,0.0,0.0,1748937702544
1748937704322,2025-06-03 16:01:44,BTC-4JUN25-122000-P,105244.9413666742,105234.09,64.75,,,0.1505,0.169,0.15975,0.15920066,,0.0,0.0,1748937702544
1748937704322,2025-06-03 16:01:44,BTC-4JUN25-118000-P,105244.9413666742,105234.09,55.41,,,0.1125,0.1305,0.1215,0.12119431,,0.0,0.0,1748937702544
1748937704322,2025-06-03 16:01:44,BTC-13JUN25-113000-C,105382.67,105234.09,39.82,,,0.0047,0.0055,0.0051,0.00507488,0.0056,274.3,138.4,1748937702544
1748937704322,2025-06-03 16:01:44,BTC-27JUN25-170000-P,105653.37,105234.09,70.07,,,0.6065,0.6125,0.6095,0.6093326,1.0005,27.5,0.0,1748937702544
1748937704322,2025-06-03 16:01:44,BTC-29AUG25-60000-C,106977.92,105234.09,62.38,,,,,,0.44164791,0.4485,0.1,0.0,1748937702544
1748937704322,2025-06-03 16:01:44,BTC-26SEP25-130000-C,107588.75,105234.09,47.51,,,0.0405,0.0415,0.041,0.04099867,0.0415,2553.9,1723.1,1748937702544
1748937704322,2025-06-03 16:01:44,BTC-6JUN25-106000-P,105267.07,105234.09,36.24,,,0.0165,0.017,0.01675,0.01691354,0.0155,779.8,44.2,1748937702544
1748937704322,2025-06-03 16:01:44,BTC-5JUN25-120000-P,105255.06240305418,105234.09,55.8,,,0.131,0.149,0.14,0.14008641,,0.0,0.0,1748937702544
1748937704322,2025-06-03 16:01:44,BTC-20JUN25-90000-C,105517.225,105234.09,47.04,,,0.118,0.1825,0.15025,0.14941815,0.153,0.1,0.0,1748937702544
1748937704322,2025-06-03 16:01:44,BTC-27JUN25-97000-C,105653.57,105234.09,42.05,,,0.0925,0.096,0.09425,0.09446924,0.0895,281.4,3.6,1748937702544
1748937704322,2025-06-03 16:01:44,BTC-26DEC25-20000-P,109413.1,105234.09,87.12,,,0.0003,0.0006,0.00045,0.0003959,0.0005,306.1,7.0,1748937702544
1748937704322,2025-06-03 16:01:44,BTC-4JUN25-94000-C,105244.9413666742,105234.09,64.45,,,0.0975,0.1155,0.1065,0.10684876,,0.0,0.0,1748937702544
1748937704322,2025-06-03 16:01:44,BTC-25JUL25-104000-P,106216.36,105234.09,44.3,,,0.0555,0.0565,0.056,0.05603058,0.055,318.9,26.4,1748937702544
1748937704322,2025-06-03 16:01:44,BTC-27JUN25-84000-C,105653.57,105234.09,51.1,,,0.1205,0.2155,0.168,0.20682639,0.2145,0.4,0.0,1748937702544
1748937704322,2025-06-03 16:01:44,BTC-5JUN25-94000-C,105255.06240305418,105234.09,67.09,,,0.098,0.116,0.107,0.10712225,,0.0,0.0,1748937702544
1748937704322,2025-06-03 16:01:44,BTC-29AUG25-106000-C,106977.92,105234.09,45.81,,,0.092,0.0935,0.09275,0.09327564,0.098,76.3,20.5,1748937702544
1748937704322,2025-06-03 16:01:44,BTC-20JUN25-111000-C,105517.225,105234.09,40.81,,,0.0155,0.016,0.01575,0.01585418,0.0165,75.3,6.1,1748937702544
1748937704322,2025-06-03 16:01:44,BTC-29AUG25-130000-C,106977.92,105234.09,46.77,,,0.0265,0.028,0.02725,0.02739018,0.0275,14.6,5.8,1748937702544
1748937704322,2025-06-03 16:01:44,BTC-6JUN25-90000-C,105267.07,105234.09,72.86,,,0.144,0.1465,0.14525,0.14522291,0.145,152.6,0.0,1748937702544
1748937704322,2025-06-03 16:01:44,BTC-26DEC25-340000-P,109413.1,105234.09,61.55,,,,,,2.10927013,,0.0,0.0,1748937702544
1748937704322,2025-06-03 16:01:44,BTC-13JUN25-120000-C,105382.67,105234.09,43.07,,,0.0009,0.0012,0.00105,0.00102616,0.0012,603.1,6.1,1748937702544
1748937704322,2025-06-03 16:01:44,BTC-27MAR26-180000-C,111131.53,105234.09,51.27,,,0.0425,0.046,0.04425,0.04442034,0.044,60.1,1.8,1748937702544
1748937704322,2025-06-03 16:01:44,BTC-20JUN25-107000-C,105517.225,105234.09,40.36,,,0.028,0.029,0.0285,0.02840239,0.0305,229.4,4.9,1748937702544
1748937704322,2025-06-03 16:01:44,BTC-25JUL25-75000-P,106216.36,105234.09,54.8,,,0.0031,0.0036,0.00335,0.0033034,0.0034,385.0,3.1,1748937702544
1748937704322,2025-06-03 16:01:44,BTC-5JUN25-111000-C,105257.39578030494,105234.09,37.84,,,0.0002,0.0004,0.0003,0.00031982,0.0006,3.4,4.4,1748937702544
1748937704322,2025-06-03 16:01:44,BTC-26SEP25-220000-C,107588.75,105234.09,57.74,,,0.0021,0.0023,0.0022,0.00219698,0.0019,572.0,19.1,1748937702544
1748937704322,2025-06-03 16:01:44,BTC-26SEP25-130000-P,107588.75,105234.09,47.51,,,0.246,0.2535,0.24975,0.24928559,0.2565,38.0,0.0,1748937702544
1748937704322,2025-06-03 16:01:44,BTC-29AUG25-110000-P,106977.92,105234.09,45.74,,,0.1045,0.106,0.10525,0.10497957,0.1085,6.4,0.0,1748937702544
1748937704322,2025-06-03 16:01:44,BTC-29AUG25-124000-C,106977.92,105234.09,46.34,,,0.037,0.038,0.0375,0.03753914,0.053,0.2,0.0,1748937702544
1748937704322,2025-06-03 16:01:44,BTC-26SEP25-115000-P,107588.75,105234.09,46.61,,,0.1445,0.147,0.14575,0.14555079,0.1285,45.9,0.0,1748937702544
1748937704322,2025-06-03 16:01:44,BTC-25JUL25-106000-P,106216.36,105234.09,44.31,,,0.065,0.066,0.0655,0.06557055,0.0592,258.4,33.0,1748937702544
1748937704322,2025-06-03 16:01:44,BTC-13JUN25-104000-P,105382.67,105234.09,38.85,,,0.019,0.02,0.0195,0.01945701,0.018,190.2,77.1,1748937702544
1748937704322,2025-06-03 16:01:44,BTC-4JUN25-103000-P,105244.9413666742,105234.09,37.52,,,0.0012,0.0015,0.00135,0.00133558,0.0013,26.9,28.6,1748937702544
1748937704322,2025-06-03 16:01:44,BTC-6JUN25-114000-P,105267.07,105234.09,43.79,,,0.082,0.0845,0.08325,0.08328914,0.0897,4.1,2.0,1748937702544
1748937704322,2025-06-03 16:01:44,BTC-6JUN25-118000-P,105266.18,105234.09,52.92,,,0.112,0.1305,0.12125,0.12109047,,0.0,0.0,1748937702544
1748937704322,2025-06-03 16:01:44,BTC-27MAR26-40000-C,111131.53,105234.09,63.15,,,,,,0.64487672,,0.0,0.0,1748937702544
1748937704322,2025-06-03 16:01:44,BTC-20JUN25-117000-P,105517.225,105234.09,41.81,,,0.105,0.1245,0.11475,0.11477136,,0.0,0.0,1748937702544
1748937704322,2025-06-03 16:01:44,BTC-5JUN25-107000-C,105257.39578030494,105234.09,34.8,,,0.0039,0.0044,0.00415,0.00411476,0.004,0.8,0.8,1748937702544
1748937704322,2025-06-03 16:01:44,BTC-25JUL25-130000-P,106216.36,105234.09,46.49,,,,,,0.23591924,,0.0,0.0,1748937702544
1748937704322,2025-06-03 16:01:44,BTC-26DEC25-130000-P,109413.93,105234.09,48.67,,,0.137,,,0.26984516,0.25,16.3,0.0,1748937702544
1748937704322,2025-06-03 16:01:44,BTC-27JUN25-80000-C,105653.57,105234.09,56.44,,,0.2425,0.2455,0.244,0.24411381,0.254,661.6,0.1,1748937702544
1748937704322,2025-06-03 16:01:44,BTC-6JUN25-145000-P,105266.18,105234.09,78.28,,,0.3315,0.427,0.37925,0.37743107,,0.0,0.0,1748937702544
1748937704322,2025-06-03 16:01:44,BTC-26SEP25-220000-P,107588.75,105234.09,57.74,,,,,,1.04699022,1.474,1.4,0.0,1748937702544
1748937704322,2025-06-03 16:01:44,BTC-29AUG25-116000-C,106977.92,105234.09,45.96,,,0.056,0.0575,0.05675,0.05689621,0.0574,210.1,0.0,1748937702544
1748937704322,2025-06-03 16:01:44,BTC-29AUG25-126000-C,106977.92,105234.09,46.51,,,0.033,0.0345,0.03375,0.03386253,0.035,2.4,1.0,1748937702544
1748937704322,2025-06-03 16:01:44,BTC-20JUN25-135000-P,105517.225,105234.09,50.39,,,0.236,0.328,0.282,0.27989856,,0.0,0.0,1748937702544
1748937704322,2025-06-03 16:01:44,BTC-27JUN25-50000-P,105653.57,105234.09,106.92,,,0.0001,0.0003,0.0002,0.0001804,0.0002,1101.9,2.0,1748937702544
1748937704322,2025-06-03 16:01:44,BTC-27JUN25-80000-P,105653.57,105234.09,56.44,,,0.0012,0.0014,0.0013,0.0013124,0.0013,3827.8,0.2,1748937702544
1748937704322,2025-06-03 16:01:44,BTC-27JUN25-60000-P,105653.57,105234.09,88.76,,,0.0003,0.0005,0.0004,0.00035714,0.0003,1180.4,0.9,1748937702544
1748937704322,2025-06-03 16:01:44,BTC-6JUN25-105000-P,105267.07,105234.09,36.5,,,0.0115,0.012,0.01175,0.01194364,0.012,575.3,120.2,1748937702544
1748937704322,2025-06-03 16:01:44,BTC-20JUN25-115000-P,105517.225,105234.09,41.5,,,0.0885,0.108,0.09825,0.09824452,,0.0,0.0,1748937702544
1748937704322,2025-06-03 16:01:44,BTC-27JUN25-65000-C,105653.57,105234.09,79.04,,,0.384,0.3865,0.38525,0.38521073,0.393,121.1,0.0,1748937702544
1748937704322,2025-06-03 16:01:44,BTC-25JUL25-92000-C,106216.36,105234.09,45.59,,,0.1495,0.1545,0.152,0.15188737,0.174,9.8,0.0,1748937702544
1748937704322,2025-06-03 16:01:44,BTC-27MAR26-150000-P,111132.42,105234.09,50.13,,,0.1245,,,0.42843976,0.407,3.4,0.0,1748937702544
1748937704322,2025-06-03 16:01:44,BTC-26SEP25-70000-C,107588.75,105234.09,53.17,,,0.355,0.3595,0.35725,0.35739207,0.398,464.3,0.0,1748937702545
1748937704322,2025-06-03 16:01:44,BTC-6JUN25-125000-P,105267.07,105234.09,60.99,,,0.0001,0.197,0.09855,0.18745619,0.182,0.1,0.0,1748937702545
1748937704322,2025-06-03 16:01:44,BTC-6JUN25-85000-C,105266.18,105234.09,89.48,,,0.1915,0.194,0.19275,0.19263518,0.2165,100.0,0.0,1748937702545
1748937704322,2025-06-03 16:01:44,BTC-29AUG25-120000-P,106977.92,105234.09,46.12,,,0.165,0.1715,0.16825,0.16799897,,0.0,0.0,1748937702545
1748937704322,2025-06-03 16:01:44,BTC-26DEC25-170000-P,109413.93,105234.09,50.79,,,,,,0.58260426,,0.0,0.0,1748937702545
1748937704322,2025-06-03 16:01:44,BTC-25JUL25-180000-C,106216.56,105234.09,56.97,,,0.0005,0.0008,0.00065,0.00064487,0.0007,96.4,15.8,1748937702545
1748937704322,2025-06-03 16:01:44,BTC-6JUN25-130000-C,105266.18,105234.09,71.46,,,,0.0001,,1.073e-05,0.0001,397.8,1.8,1748937702545
1748937704322,2025-06-03 16:01:44,BTC-27JUN25-250000-C,105653.57,105234.09,110.45,,,0.0001,0.0002,0.00015,0.00014259,0.0002,1168.4,0.0,1748937702545
1748937704322,2025-06-03 16:01:44,BTC-6JUN25-112000-C,105267.07,105234.09,39.59,,,0.0005,0.0008,0.00065,0.00063265,0.0006,965.0,42.3,1748937702545
1748937704322,2025-06-03 16:01:44,BTC-4JUN25-92000-C,105244.9413666742,105234.09,70.6,,,0.117,0.1345,0.12575,0.12584986,,0.0,0.0,1748937702545
1748937704322,2025-06-03 16:01:44,BTC-26SEP25-65000-P,107588.75,105234.09,55.83,,,0.0055,0.006,0.00575,0.0055056,0.0055,458.6,0.1,1748937702545
1748937704322,2025-06-03 16:01:44,BTC-27MAR26-95000-P,111131.53,105234.09,49.27,,,0.098,0.1025,0.10025,0.1003647,0.103,201.5,0.4,1748937702545
1748937704322,2025-06-03 16:01:44,BTC-6JUN25-107000-C,105267.07,105234.09,36.44,,,0.0065,0.007,0.00675,0.00664906,0.0074,622.3,67.2,1748937702545
1748937704322,2025-06-03 16:01:44,BTC-29AUG25-50000-C,106977.92,105234.09,72.03,,,,,,0.53390662,,0.0,0.0,1748937702545
1748937704322,2025-06-03 16:01:44,BTC-13JUN25-85000-P,105382.67,105234.09,60.23,,,0.0004,0.0006,0.0005,0.00049459,0.0005,459.1,201.0,1748937702545
1748937704322,2025-06-03 16:01:44,BTC-4JUN25-96000-P,105244.9413666742,105234.09,61.35,,,,0.0001,,1.869e-05,0.0001,10.8,5.9,1748937702545
1748937704322,2025-06-03 16:01:44,BTC-26DEC25-220000-P,109413.1,105234.09,54.37,,,,,,1.02085771,,0.0,0.0,1748937702545
1748937704322,2025-06-03 16:01:44,BTC-27JUN25-101000-C,105653.57,105234.09,41.44,,,0.066,0.0675,0.06675,0.06712405,0.065,7.0,7.4,1748937702545
1748937704322,2025-06-03 16:01:44,BTC-27JUN25-135000-P,105653.57,105234.09,49.31,,,0.277,0.2815,0.27925,0.27919835,0.238,6.3,0.0,1748937702545
1748937704322,2025-06-03 16:01:44,BTC-26SEP25-105000-C,107588.75,105234.09,46.29,,,0.114,0.1155,0.11475,0.11460384,0.1155,731.1,2.4,1748937702545
1748937704322,2025-06-03 16:01:44,BTC-6JUN25-102000-P,105267.07,105234.09,38.84,,,0.0032,0.0037,0.00345,0.00350486,0.0033,986.7,91.8,1748937702545
1748937704322,2025-06-03 16:01:44,BTC-5JUN25-92000-P,105255.06240305418,105234.09,68.23,,,,0.0001,,5.585e-05,0.0001,1.7,1.7,1748937702545
1748937704322,2025-06-03 16:01:44,BTC-13JUN25-155000-C,105382.67,105234.09,73.55,,,,0.0002,,3.056e-05,0.0001,196.5,0.7,1748937702545
1748937704322,2025-06-03 16:01:44,BTC-26DEC25-200000-C,109413.1,105234.09,52.84,,,0.0145,0.0155,0.015,0.01483045,0.0155,1125.1,2.5,1748937702545
1748937704322,2025-06-03 16:01:44,BTC-13JUN25-106000-P,105382.67,105234.09,38.82,,,0.028,0.029,0.0285,0.02874343,0.0275,325.0,4.4,1748937702545
1748937704322,2025-06-03 16:01:44,BTC-6JUN25-107000-P,105266.18,105234.09,36.44,,,0.0215,0.0245,0.023,0.02309815,0.022,239.3,17.9,1748937702545
1748937704322,2025-06-03 16:01:44,BTC-27JUN25-40000-P,105653.57,105234.09,120.68,,,,0.0002,,4.371e-05,0.0001,465.6,0.0,1748937702545
1748937704322,2025-06-03 16:01:44,BTC-6JUN25-102000-C,105267.07,105234.09,38.84,,,0.033,0.036,0.0345,0.03455339,0.035,47.9,0.4,1748937702545
1748937704322,2025-06-03 16:01:44,BTC-20JUN25-85000-C,105517.225,105234.09,53.29,,,0.187,0.2045,0.19575,0.19565042,,0.0,0.0,1748937702545
1748937704322,2025-06-03 16:01:44,BTC-20JUN25-150000-C,105517.225,105234.09,62.0,,,,0.0003,,0.00021254,0.0002,25.3,0.0,1748937702545
1748937704322,2025-06-03 16:01:44,BTC-27JUN25-50000-C,105653.57,105234.09,106.92,,,0.526,0.528,0.527,0.52693128,0.526,67.9,0.0,1748937702545
1748937704322,2025-06-03 16:01:44,BTC-26SEP25-160000-P,107588.75,105234.09,50.09,,,0.495,0.5045,0.49975,0.49929754,0.469,9.2,0.0,1748937702545
1748937704322,2025-06-03 16:01:44,BTC-13JUN25-115000-C,105382.67,105234.09,40.23,,,0.0028,0.0033,0.00305,0.00308661,0.003,764.5,43.5,1748937702545
1748937704322,2025-06-03 16:01:44,BTC-27MAR26-240000-P,111132.42,105234.09,53.72,,,,,,1.17618854,,0.0,0.0,1748937702545
1748937704322,2025-06-03 16:01:44,BTC-27MAR26-280000-C,111132.42,105234.09,55.95,,,0.0095,0.0115,0.0105,0.01032129,0.01,110.3,10.7,1748937702545
1748937704322,2025-06-03 16:01:44,BTC-25JUL25-80000-C,106216.36,105234.09,51.16,,,0.25,0.2545,0.25225,0.25207672,0.2435,106.2,0.0,1748937702545
1748937704322,2025-06-03 16:01:44,BTC-4JUN25-116000-C,105244.9413666742,105234.09,51.68,,,,0.0001,,1.11e-06,0.0001,0.2,0.0,1748937702545
1748937704322,2025-06-03 16:01:44,BTC-27MAR26-220000-P,111132.42,105234.09,52.73,,,,,,1.00181483,,0.0,0.0,1748937702545
1748937704322,2025-06-03 16:01:44,BTC-26SEP25-50000-P,107588.75,105234.09,67.63,,,0.0019,0.0023,0.0021,0.00206005,0.002,376.1,5.0,1748937702545
1748937704322,2025-06-03 16:01:44,BTC-5JUN25-94000-P,105255.06240305418,105234.09,67.09,,,,0.0003,,0.00018293,0.0001,1.1,1.1,1748937702545
1748937704322,2025-06-03 16:01:44,BTC-27MAR26-125000-P,111132.42,105234.09,49.5,,,0.1255,,,0.25642674,0.249,0.1,0.0,1748937702545
1748937704322,2025-06-03 16:01:44,BTC-29AUG25-140000-P,106977.92,105234.09,47.62,,,,,,0.32487539,,0.0,0.0,1748937702545
1748937704322,2025-06-03 16:01:44,BTC-25JUL25-85000-P,106216.36,105234.09,48.41,,,0.0085,0.009,0.00875,0.00878616,0.0085,2127.8,92.0,1748937702545
1748937704322,2025-06-03 16:01:44,BTC-6JUN25-140000-C,105267.07,105234.09,77.43,,,,0.0001,,4.4e-07,0.0001,139.8,0.0,1748937702545
